%YAML 1.1
%TAG !u! tag:unity3d.com,2011:
--- !u!114 &114340500867371532
MonoBehaviour:
  m_ObjectHideFlags: 1
  m_CorrespondingSourceObject: {fileID: 0}
  m_PrefabInstance: {fileID: 0}
  m_PrefabAsset: {fileID: 0}
  m_GameObject: {fileID: 0}
  m_Enabled: 1
  m_EditorHideFlags: 0
  m_Script: {fileID: 11500000, guid: d01270efd3285ea4a9d6c555cb0a8027, type: 3}
  m_Name: VFXUI
  m_EditorClassIdentifier: 
  groupInfos: []
  stickyNoteInfos: []
  categories: []
  uiBounds:
    serializedVersion: 2
    x: 1307
    y: -949
    width: 763
    height: 2299
--- !u!114 &114350483966674976
MonoBehaviour:
  m_ObjectHideFlags: 1
  m_CorrespondingSourceObject: {fileID: 0}
  m_PrefabInstance: {fileID: 0}
  m_PrefabAsset: {fileID: 0}
  m_GameObject: {fileID: 0}
  m_Enabled: 1
  m_EditorHideFlags: 0
  m_Script: {fileID: 11500000, guid: 7d4c867f6b72b714dbb5fd1780afe208, type: 3}
  m_Name: MaskBullet
  m_EditorClassIdentifier: 
  m_UIIgnoredErrors: []
  m_Parent: {fileID: 0}
  m_Children:
  - {fileID: 8926484042661614855}
  - {fileID: 8926484042661614859}
  - {fileID: 8926484042661614920}
  - {fileID: 8926484042661614926}
  - {fileID: 8926484042661614939}
  m_UIPosition: {x: 0, y: 0}
  m_UICollapsed: 1
  m_UISuperCollapsed: 0
  m_UIInfos: {fileID: 114340500867371532}
  m_ParameterInfo: []
  m_ImportDependencies: []
  m_GraphVersion: 6
  m_ResourceVersion: 1
  m_saved: 0
  m_SubgraphDependencies: []
  m_CategoryPath: 
--- !u!2058629511 &8926484042661614527
VisualEffectResource:
  m_ObjectHideFlags: 0
  m_CorrespondingSourceObject: {fileID: 0}
  m_PrefabInstance: {fileID: 0}
  m_PrefabAsset: {fileID: 0}
  m_Name: MaskBullet
  m_Graph: {fileID: 114350483966674976}
  m_Infos:
    m_RendererSettings:
      motionVectorGenerationMode: 0
      shadowCastingMode: 0
      receiveShadows: 0
      reflectionProbeUsage: 0
      lightProbeUsage: 0
    m_CullingFlags: 3
    m_UpdateMode: 0
    m_PreWarmDeltaTime: 1
    m_PreWarmStepCount: 2
    m_InitialEventName: OnPlay
--- !u!114 &8926484042661614855
MonoBehaviour:
  m_ObjectHideFlags: 0
  m_CorrespondingSourceObject: {fileID: 0}
  m_PrefabInstance: {fileID: 0}
  m_PrefabAsset: {fileID: 0}
  m_GameObject: {fileID: 0}
  m_Enabled: 1
  m_EditorHideFlags: 0
  m_Script: {fileID: 11500000, guid: 73a13919d81fb7444849bae8b5c812a2, type: 3}
  m_Name: 
  m_EditorClassIdentifier: 
  m_UIIgnoredErrors: []
  m_Parent: {fileID: 114350483966674976}
  m_Children:
  - {fileID: 8926484042661614857}
  m_UIPosition: {x: 1646, y: -949}
  m_UICollapsed: 0
  m_UISuperCollapsed: 0
  m_InputSlots: []
  m_OutputSlots: []
  m_Label: Spawn system
  m_Data: {fileID: 8926484042661614856}
  m_InputFlowSlot:
  - link: []
  - link: []
  m_OutputFlowSlot:
  - link:
    - context: {fileID: 8926484042661614859}
      slotIndex: 0
  loopDuration: 0
  loopCount: 0
  delayBeforeLoop: 0
  delayAfterLoop: 0
--- !u!114 &8926484042661614856
MonoBehaviour:
  m_ObjectHideFlags: 0
  m_CorrespondingSourceObject: {fileID: 0}
  m_PrefabInstance: {fileID: 0}
  m_PrefabAsset: {fileID: 0}
  m_GameObject: {fileID: 0}
  m_Enabled: 1
  m_EditorHideFlags: 0
  m_Script: {fileID: 11500000, guid: f68759077adc0b143b6e1c101e82065e, type: 3}
  m_Name: 
  m_EditorClassIdentifier: 
  m_UIIgnoredErrors: []
  m_Parent: {fileID: 114350483966674976}
  m_Children: []
  m_UIPosition: {x: 0, y: 0}
  m_UICollapsed: 1
  m_UISuperCollapsed: 0
  title: 
  m_Owners:
  - {fileID: 8926484042661614855}
--- !u!114 &8926484042661614857
MonoBehaviour:
  m_ObjectHideFlags: 0
  m_CorrespondingSourceObject: {fileID: 0}
  m_PrefabInstance: {fileID: 0}
  m_PrefabAsset: {fileID: 0}
  m_GameObject: {fileID: 0}
  m_Enabled: 1
  m_EditorHideFlags: 0
  m_Script: {fileID: 11500000, guid: f05c6884b705ce14d82ae720f0ec209f, type: 3}
  m_Name: 
  m_EditorClassIdentifier: 
  m_UIIgnoredErrors: []
  m_Parent: {fileID: 8926484042661614855}
  m_Children: []
  m_UIPosition: {x: 939.6975, y: -709.7769}
  m_UICollapsed: 0
  m_UISuperCollapsed: 0
  m_InputSlots:
  - {fileID: 8926484042661614858}
  m_OutputSlots: []
  m_Disabled: 0
--- !u!114 &8926484042661614858
MonoBehaviour:
  m_ObjectHideFlags: 0
  m_CorrespondingSourceObject: {fileID: 0}
  m_PrefabInstance: {fileID: 0}
  m_PrefabAsset: {fileID: 0}
  m_GameObject: {fileID: 0}
  m_Enabled: 1
  m_EditorHideFlags: 0
  m_Script: {fileID: 11500000, guid: f780aa281814f9842a7c076d436932e7, type: 3}
  m_Name: 
  m_EditorClassIdentifier: 
  m_UIIgnoredErrors: []
  m_Parent: {fileID: 0}
  m_Children: []
  m_UIPosition: {x: 0, y: 0}
  m_UICollapsed: 1
  m_UISuperCollapsed: 0
  m_MasterSlot: {fileID: 8926484042661614858}
  m_MasterData:
    m_Owner: {fileID: 8926484042661614857}
    m_Value:
      m_Type:
        m_SerializableType: System.Single, mscorlib, Version=4.0.0.0, Culture=neutral,
          PublicKeyToken=b77a5c561934e089
      m_SerializableObject: 500
    m_Space: 2147483647
  m_Property:
    name: Rate
    m_serializedType:
      m_SerializableType: System.Single, mscorlib, Version=4.0.0.0, Culture=neutral,
        PublicKeyToken=b77a5c561934e089
  m_Direction: 0
  m_LinkedSlots: []
--- !u!114 &8926484042661614859
MonoBehaviour:
  m_ObjectHideFlags: 0
  m_CorrespondingSourceObject: {fileID: 0}
  m_PrefabInstance: {fileID: 0}
  m_PrefabAsset: {fileID: 0}
  m_GameObject: {fileID: 0}
  m_Enabled: 1
  m_EditorHideFlags: 0
  m_Script: {fileID: 11500000, guid: 9dfea48843f53fc438eabc12a3a30abc, type: 3}
  m_Name: 
  m_EditorClassIdentifier: 
  m_UIIgnoredErrors: []
  m_Parent: {fileID: 114350483966674976}
  m_Children:
  - {fileID: 8926484042661614870}
  - {fileID: 8926484042661614879}
  - {fileID: 8926484042661614890}
  - {fileID: 8926484042661614893}
  - {fileID: 8926484042661614903}
  - {fileID: 8926484042661614907}
  - {fileID: 8926484042661614918}
  m_UIPosition: {x: 1646, y: -499}
  m_UICollapsed: 0
  m_UISuperCollapsed: 0
  m_InputSlots:
  - {fileID: 8926484042661614860}
  m_OutputSlots: []
  m_Label: 
  m_Data: {fileID: 8926484042661614869}
  m_InputFlowSlot:
  - link:
    - context: {fileID: 8926484042661614855}
      slotIndex: 0
  m_OutputFlowSlot:
  - link:
    - context: {fileID: 8926484042661614920}
      slotIndex: 0
--- !u!114 &8926484042661614860
MonoBehaviour:
  m_ObjectHideFlags: 0
  m_CorrespondingSourceObject: {fileID: 0}
  m_PrefabInstance: {fileID: 0}
  m_PrefabAsset: {fileID: 0}
  m_GameObject: {fileID: 0}
  m_Enabled: 1
  m_EditorHideFlags: 0
  m_Script: {fileID: 11500000, guid: 1b605c022ee79394a8a776c0869b3f9a, type: 3}
  m_Name: 
  m_EditorClassIdentifier: 
  m_UIIgnoredErrors: []
  m_Parent: {fileID: 0}
  m_Children:
  - {fileID: 8926484042661614861}
  - {fileID: 8926484042661614865}
  m_UIPosition: {x: 0, y: 0}
  m_UICollapsed: 1
  m_UISuperCollapsed: 0
  m_MasterSlot: {fileID: 8926484042661614860}
  m_MasterData:
    m_Owner: {fileID: 8926484042661614859}
    m_Value:
      m_Type:
        m_SerializableType: UnityEditor.VFX.AABox, Unity.VisualEffectGraph.Editor,
          Version=0.0.0.0, Culture=neutral, PublicKeyToken=null
      m_SerializableObject: '{"center":{"x":0.0,"y":0.0,"z":0.0},"size":{"x":5.0,"y":5.0,"z":5.0}}'
    m_Space: 0
  m_Property:
    name: bounds
    m_serializedType:
      m_SerializableType: UnityEditor.VFX.AABox, Unity.VisualEffectGraph.Editor,
        Version=0.0.0.0, Culture=neutral, PublicKeyToken=null
  m_Direction: 0
  m_LinkedSlots: []
--- !u!114 &8926484042661614861
MonoBehaviour:
  m_ObjectHideFlags: 0
  m_CorrespondingSourceObject: {fileID: 0}
  m_PrefabInstance: {fileID: 0}
  m_PrefabAsset: {fileID: 0}
  m_GameObject: {fileID: 0}
  m_Enabled: 1
  m_EditorHideFlags: 0
  m_Script: {fileID: 11500000, guid: ac39bd03fca81b849929b9c966f1836a, type: 3}
  m_Name: 
  m_EditorClassIdentifier: 
  m_UIIgnoredErrors: []
  m_Parent: {fileID: 8926484042661614860}
  m_Children:
  - {fileID: 8926484042661614862}
  - {fileID: 8926484042661614863}
  - {fileID: 8926484042661614864}
  m_UIPosition: {x: 0, y: 0}
  m_UICollapsed: 1
  m_UISuperCollapsed: 0
  m_MasterSlot: {fileID: 8926484042661614860}
  m_MasterData:
    m_Owner: {fileID: 0}
    m_Value:
      m_Type:
        m_SerializableType: 
      m_SerializableObject: 
    m_Space: 2147483647
  m_Property:
    name: center
    m_serializedType:
      m_SerializableType: UnityEngine.Vector3, UnityEngine.CoreModule, Version=0.0.0.0,
        Culture=neutral, PublicKeyToken=null
  m_Direction: 0
  m_LinkedSlots: []
--- !u!114 &8926484042661614862
MonoBehaviour:
  m_ObjectHideFlags: 0
  m_CorrespondingSourceObject: {fileID: 0}
  m_PrefabInstance: {fileID: 0}
  m_PrefabAsset: {fileID: 0}
  m_GameObject: {fileID: 0}
  m_Enabled: 1
  m_EditorHideFlags: 0
  m_Script: {fileID: 11500000, guid: f780aa281814f9842a7c076d436932e7, type: 3}
  m_Name: 
  m_EditorClassIdentifier: 
  m_UIIgnoredErrors: []
  m_Parent: {fileID: 8926484042661614861}
  m_Children: []
  m_UIPosition: {x: 0, y: 0}
  m_UICollapsed: 1
  m_UISuperCollapsed: 0
  m_MasterSlot: {fileID: 8926484042661614860}
  m_MasterData:
    m_Owner: {fileID: 0}
    m_Value:
      m_Type:
        m_SerializableType: 
      m_SerializableObject: 
    m_Space: 2147483647
  m_Property:
    name: x
    m_serializedType:
      m_SerializableType: System.Single, mscorlib, Version=4.0.0.0, Culture=neutral,
        PublicKeyToken=b77a5c561934e089
  m_Direction: 0
  m_LinkedSlots: []
--- !u!114 &8926484042661614863
MonoBehaviour:
  m_ObjectHideFlags: 0
  m_CorrespondingSourceObject: {fileID: 0}
  m_PrefabInstance: {fileID: 0}
  m_PrefabAsset: {fileID: 0}
  m_GameObject: {fileID: 0}
  m_Enabled: 1
  m_EditorHideFlags: 0
  m_Script: {fileID: 11500000, guid: f780aa281814f9842a7c076d436932e7, type: 3}
  m_Name: 
  m_EditorClassIdentifier: 
  m_UIIgnoredErrors: []
  m_Parent: {fileID: 8926484042661614861}
  m_Children: []
  m_UIPosition: {x: 0, y: 0}
  m_UICollapsed: 1
  m_UISuperCollapsed: 0
  m_MasterSlot: {fileID: 8926484042661614860}
  m_MasterData:
    m_Owner: {fileID: 0}
    m_Value:
      m_Type:
        m_SerializableType: 
      m_SerializableObject: 
    m_Space: 2147483647
  m_Property:
    name: y
    m_serializedType:
      m_SerializableType: System.Single, mscorlib, Version=4.0.0.0, Culture=neutral,
        PublicKeyToken=b77a5c561934e089
  m_Direction: 0
  m_LinkedSlots: []
--- !u!114 &8926484042661614864
MonoBehaviour:
  m_ObjectHideFlags: 0
  m_CorrespondingSourceObject: {fileID: 0}
  m_PrefabInstance: {fileID: 0}
  m_PrefabAsset: {fileID: 0}
  m_GameObject: {fileID: 0}
  m_Enabled: 1
  m_EditorHideFlags: 0
  m_Script: {fileID: 11500000, guid: f780aa281814f9842a7c076d436932e7, type: 3}
  m_Name: 
  m_EditorClassIdentifier: 
  m_UIIgnoredErrors: []
  m_Parent: {fileID: 8926484042661614861}
  m_Children: []
  m_UIPosition: {x: 0, y: 0}
  m_UICollapsed: 1
  m_UISuperCollapsed: 0
  m_MasterSlot: {fileID: 8926484042661614860}
  m_MasterData:
    m_Owner: {fileID: 0}
    m_Value:
      m_Type:
        m_SerializableType: 
      m_SerializableObject: 
    m_Space: 2147483647
  m_Property:
    name: z
    m_serializedType:
      m_SerializableType: System.Single, mscorlib, Version=4.0.0.0, Culture=neutral,
        PublicKeyToken=b77a5c561934e089
  m_Direction: 0
  m_LinkedSlots: []
--- !u!114 &8926484042661614865
MonoBehaviour:
  m_ObjectHideFlags: 0
  m_CorrespondingSourceObject: {fileID: 0}
  m_PrefabInstance: {fileID: 0}
  m_PrefabAsset: {fileID: 0}
  m_GameObject: {fileID: 0}
  m_Enabled: 1
  m_EditorHideFlags: 0
  m_Script: {fileID: 11500000, guid: ac39bd03fca81b849929b9c966f1836a, type: 3}
  m_Name: 
  m_EditorClassIdentifier: 
  m_UIIgnoredErrors: []
  m_Parent: {fileID: 8926484042661614860}
  m_Children:
  - {fileID: 8926484042661614866}
  - {fileID: 8926484042661614867}
  - {fileID: 8926484042661614868}
  m_UIPosition: {x: 0, y: 0}
  m_UICollapsed: 1
  m_UISuperCollapsed: 0
  m_MasterSlot: {fileID: 8926484042661614860}
  m_MasterData:
    m_Owner: {fileID: 0}
    m_Value:
      m_Type:
        m_SerializableType: 
      m_SerializableObject: 
    m_Space: 2147483647
  m_Property:
    name: size
    m_serializedType:
      m_SerializableType: UnityEngine.Vector3, UnityEngine.CoreModule, Version=0.0.0.0,
        Culture=neutral, PublicKeyToken=null
  m_Direction: 0
  m_LinkedSlots: []
--- !u!114 &8926484042661614866
MonoBehaviour:
  m_ObjectHideFlags: 0
  m_CorrespondingSourceObject: {fileID: 0}
  m_PrefabInstance: {fileID: 0}
  m_PrefabAsset: {fileID: 0}
  m_GameObject: {fileID: 0}
  m_Enabled: 1
  m_EditorHideFlags: 0
  m_Script: {fileID: 11500000, guid: f780aa281814f9842a7c076d436932e7, type: 3}
  m_Name: 
  m_EditorClassIdentifier: 
  m_UIIgnoredErrors: []
  m_Parent: {fileID: 8926484042661614865}
  m_Children: []
  m_UIPosition: {x: 0, y: 0}
  m_UICollapsed: 1
  m_UISuperCollapsed: 0
  m_MasterSlot: {fileID: 8926484042661614860}
  m_MasterData:
    m_Owner: {fileID: 0}
    m_Value:
      m_Type:
        m_SerializableType: 
      m_SerializableObject: 
    m_Space: 2147483647
  m_Property:
    name: x
    m_serializedType:
      m_SerializableType: System.Single, mscorlib, Version=4.0.0.0, Culture=neutral,
        PublicKeyToken=b77a5c561934e089
  m_Direction: 0
  m_LinkedSlots: []
--- !u!114 &8926484042661614867
MonoBehaviour:
  m_ObjectHideFlags: 0
  m_CorrespondingSourceObject: {fileID: 0}
  m_PrefabInstance: {fileID: 0}
  m_PrefabAsset: {fileID: 0}
  m_GameObject: {fileID: 0}
  m_Enabled: 1
  m_EditorHideFlags: 0
  m_Script: {fileID: 11500000, guid: f780aa281814f9842a7c076d436932e7, type: 3}
  m_Name: 
  m_EditorClassIdentifier: 
  m_UIIgnoredErrors: []
  m_Parent: {fileID: 8926484042661614865}
  m_Children: []
  m_UIPosition: {x: 0, y: 0}
  m_UICollapsed: 1
  m_UISuperCollapsed: 0
  m_MasterSlot: {fileID: 8926484042661614860}
  m_MasterData:
    m_Owner: {fileID: 0}
    m_Value:
      m_Type:
        m_SerializableType: 
      m_SerializableObject: 
    m_Space: 2147483647
  m_Property:
    name: y
    m_serializedType:
      m_SerializableType: System.Single, mscorlib, Version=4.0.0.0, Culture=neutral,
        PublicKeyToken=b77a5c561934e089
  m_Direction: 0
  m_LinkedSlots: []
--- !u!114 &8926484042661614868
MonoBehaviour:
  m_ObjectHideFlags: 0
  m_CorrespondingSourceObject: {fileID: 0}
  m_PrefabInstance: {fileID: 0}
  m_PrefabAsset: {fileID: 0}
  m_GameObject: {fileID: 0}
  m_Enabled: 1
  m_EditorHideFlags: 0
  m_Script: {fileID: 11500000, guid: f780aa281814f9842a7c076d436932e7, type: 3}
  m_Name: 
  m_EditorClassIdentifier: 
  m_UIIgnoredErrors: []
  m_Parent: {fileID: 8926484042661614865}
  m_Children: []
  m_UIPosition: {x: 0, y: 0}
  m_UICollapsed: 1
  m_UISuperCollapsed: 0
  m_MasterSlot: {fileID: 8926484042661614860}
  m_MasterData:
    m_Owner: {fileID: 0}
    m_Value:
      m_Type:
        m_SerializableType: 
      m_SerializableObject: 
    m_Space: 2147483647
  m_Property:
    name: z
    m_serializedType:
      m_SerializableType: System.Single, mscorlib, Version=4.0.0.0, Culture=neutral,
        PublicKeyToken=b77a5c561934e089
  m_Direction: 0
  m_LinkedSlots: []
--- !u!114 &8926484042661614869
MonoBehaviour:
  m_ObjectHideFlags: 0
  m_CorrespondingSourceObject: {fileID: 0}
  m_PrefabInstance: {fileID: 0}
  m_PrefabAsset: {fileID: 0}
  m_GameObject: {fileID: 0}
  m_Enabled: 1
  m_EditorHideFlags: 0
  m_Script: {fileID: 11500000, guid: d78581a96eae8bf4398c282eb0b098bd, type: 3}
  m_Name: 
  m_EditorClassIdentifier: 
  m_UIIgnoredErrors: []
  m_Parent: {fileID: 114350483966674976}
  m_Children: []
  m_UIPosition: {x: 0, y: 0}
  m_UICollapsed: 1
  m_UISuperCollapsed: 0
  title: Swarm
  m_Owners:
  - {fileID: 8926484042661614859}
  - {fileID: 8926484042661614920}
  - {fileID: 8926484042661614926}
  dataType: 0
  capacity: 500
  stripCapacity: 16
  particlePerStripCount: 16
  m_Space: 0
--- !u!114 &8926484042661614870
MonoBehaviour:
  m_ObjectHideFlags: 0
  m_CorrespondingSourceObject: {fileID: 0}
  m_PrefabInstance: {fileID: 0}
  m_PrefabAsset: {fileID: 0}
  m_GameObject: {fileID: 0}
  m_Enabled: 1
  m_EditorHideFlags: 0
  m_Script: {fileID: 11500000, guid: 47b4ca114d6538548942a32238cf630d, type: 3}
  m_Name: 
  m_EditorClassIdentifier: 
  m_UIIgnoredErrors: []
  m_Parent: {fileID: 8926484042661614859}
  m_Children: []
  m_UIPosition: {x: 1040.5166, y: -182.05353}
  m_UICollapsed: 0
  m_UISuperCollapsed: 0
  m_InputSlots:
  - {fileID: 8926484042661614871}
  m_OutputSlots: []
  m_Disabled: 1
  compositionPosition: 1
  compositionDirection: 0
  positionMode: 0
  spawnMode: 0
--- !u!114 &8926484042661614871
MonoBehaviour:
  m_ObjectHideFlags: 0
  m_CorrespondingSourceObject: {fileID: 0}
  m_PrefabInstance: {fileID: 0}
  m_PrefabAsset: {fileID: 0}
  m_GameObject: {fileID: 0}
  m_Enabled: 1
  m_EditorHideFlags: 0
  m_Script: {fileID: 11500000, guid: 1b605c022ee79394a8a776c0869b3f9a, type: 3}
  m_Name: 
  m_EditorClassIdentifier: 
  m_UIIgnoredErrors: []
  m_Parent: {fileID: 0}
  m_Children:
  - {fileID: 8926484042661614872}
  - {fileID: 8926484042661614878}
  m_UIPosition: {x: 0, y: 0}
  m_UICollapsed: 0
  m_UISuperCollapsed: 0
  m_MasterSlot: {fileID: 8926484042661614871}
  m_MasterData:
    m_Owner: {fileID: 8926484042661614870}
    m_Value:
      m_Type:
        m_SerializableType: UnityEditor.VFX.ArcSphere, Unity.VisualEffectGraph.Editor,
          Version=0.0.0.0, Culture=neutral, PublicKeyToken=null
      m_SerializableObject: '{"sphere":{"center":{"x":0.0,"y":0.0,"z":0.0},"radius":1.0},"arc":6.2831854820251469}'
    m_Space: 0
  m_Property:
    name: ArcSphere
    m_serializedType:
      m_SerializableType: UnityEditor.VFX.ArcSphere, Unity.VisualEffectGraph.Editor,
        Version=0.0.0.0, Culture=neutral, PublicKeyToken=null
  m_Direction: 0
  m_LinkedSlots: []
--- !u!114 &8926484042661614872
MonoBehaviour:
  m_ObjectHideFlags: 0
  m_CorrespondingSourceObject: {fileID: 0}
  m_PrefabInstance: {fileID: 0}
  m_PrefabAsset: {fileID: 0}
  m_GameObject: {fileID: 0}
  m_Enabled: 1
  m_EditorHideFlags: 0
  m_Script: {fileID: 11500000, guid: 1b605c022ee79394a8a776c0869b3f9a, type: 3}
  m_Name: 
  m_EditorClassIdentifier: 
  m_UIIgnoredErrors: []
  m_Parent: {fileID: 8926484042661614871}
  m_Children:
  - {fileID: 8926484042661614873}
  - {fileID: 8926484042661614877}
  m_UIPosition: {x: 0, y: 0}
  m_UICollapsed: 0
  m_UISuperCollapsed: 0
  m_MasterSlot: {fileID: 8926484042661614871}
  m_MasterData:
    m_Owner: {fileID: 0}
    m_Value:
      m_Type:
        m_SerializableType: 
      m_SerializableObject: 
    m_Space: 2147483647
  m_Property:
    name: sphere
    m_serializedType:
      m_SerializableType: UnityEditor.VFX.Sphere, Unity.VisualEffectGraph.Editor,
        Version=0.0.0.0, Culture=neutral, PublicKeyToken=null
  m_Direction: 0
  m_LinkedSlots: []
--- !u!114 &8926484042661614873
MonoBehaviour:
  m_ObjectHideFlags: 0
  m_CorrespondingSourceObject: {fileID: 0}
  m_PrefabInstance: {fileID: 0}
  m_PrefabAsset: {fileID: 0}
  m_GameObject: {fileID: 0}
  m_Enabled: 1
  m_EditorHideFlags: 0
  m_Script: {fileID: 11500000, guid: ac39bd03fca81b849929b9c966f1836a, type: 3}
  m_Name: 
  m_EditorClassIdentifier: 
  m_UIIgnoredErrors: []
  m_Parent: {fileID: 8926484042661614872}
  m_Children:
  - {fileID: 8926484042661614874}
  - {fileID: 8926484042661614875}
  - {fileID: 8926484042661614876}
  m_UIPosition: {x: 0, y: 0}
  m_UICollapsed: 1
  m_UISuperCollapsed: 0
  m_MasterSlot: {fileID: 8926484042661614871}
  m_MasterData:
    m_Owner: {fileID: 0}
    m_Value:
      m_Type:
        m_SerializableType: 
      m_SerializableObject: 
    m_Space: 2147483647
  m_Property:
    name: center
    m_serializedType:
      m_SerializableType: UnityEngine.Vector3, UnityEngine.CoreModule, Version=0.0.0.0,
        Culture=neutral, PublicKeyToken=null
  m_Direction: 0
  m_LinkedSlots: []
--- !u!114 &8926484042661614874
MonoBehaviour:
  m_ObjectHideFlags: 0
  m_CorrespondingSourceObject: {fileID: 0}
  m_PrefabInstance: {fileID: 0}
  m_PrefabAsset: {fileID: 0}
  m_GameObject: {fileID: 0}
  m_Enabled: 1
  m_EditorHideFlags: 0
  m_Script: {fileID: 11500000, guid: f780aa281814f9842a7c076d436932e7, type: 3}
  m_Name: 
  m_EditorClassIdentifier: 
  m_UIIgnoredErrors: []
  m_Parent: {fileID: 8926484042661614873}
  m_Children: []
  m_UIPosition: {x: 0, y: 0}
  m_UICollapsed: 1
  m_UISuperCollapsed: 0
  m_MasterSlot: {fileID: 8926484042661614871}
  m_MasterData:
    m_Owner: {fileID: 0}
    m_Value:
      m_Type:
        m_SerializableType: 
      m_SerializableObject: 
    m_Space: 2147483647
  m_Property:
    name: x
    m_serializedType:
      m_SerializableType: System.Single, mscorlib, Version=4.0.0.0, Culture=neutral,
        PublicKeyToken=b77a5c561934e089
  m_Direction: 0
  m_LinkedSlots: []
--- !u!114 &8926484042661614875
MonoBehaviour:
  m_ObjectHideFlags: 0
  m_CorrespondingSourceObject: {fileID: 0}
  m_PrefabInstance: {fileID: 0}
  m_PrefabAsset: {fileID: 0}
  m_GameObject: {fileID: 0}
  m_Enabled: 1
  m_EditorHideFlags: 0
  m_Script: {fileID: 11500000, guid: f780aa281814f9842a7c076d436932e7, type: 3}
  m_Name: 
  m_EditorClassIdentifier: 
  m_UIIgnoredErrors: []
  m_Parent: {fileID: 8926484042661614873}
  m_Children: []
  m_UIPosition: {x: 0, y: 0}
  m_UICollapsed: 1
  m_UISuperCollapsed: 0
  m_MasterSlot: {fileID: 8926484042661614871}
  m_MasterData:
    m_Owner: {fileID: 0}
    m_Value:
      m_Type:
        m_SerializableType: 
      m_SerializableObject: 
    m_Space: 2147483647
  m_Property:
    name: y
    m_serializedType:
      m_SerializableType: System.Single, mscorlib, Version=4.0.0.0, Culture=neutral,
        PublicKeyToken=b77a5c561934e089
  m_Direction: 0
  m_LinkedSlots: []
--- !u!114 &8926484042661614876
MonoBehaviour:
  m_ObjectHideFlags: 0
  m_CorrespondingSourceObject: {fileID: 0}
  m_PrefabInstance: {fileID: 0}
  m_PrefabAsset: {fileID: 0}
  m_GameObject: {fileID: 0}
  m_Enabled: 1
  m_EditorHideFlags: 0
  m_Script: {fileID: 11500000, guid: f780aa281814f9842a7c076d436932e7, type: 3}
  m_Name: 
  m_EditorClassIdentifier: 
  m_UIIgnoredErrors: []
  m_Parent: {fileID: 8926484042661614873}
  m_Children: []
  m_UIPosition: {x: 0, y: 0}
  m_UICollapsed: 1
  m_UISuperCollapsed: 0
  m_MasterSlot: {fileID: 8926484042661614871}
  m_MasterData:
    m_Owner: {fileID: 0}
    m_Value:
      m_Type:
        m_SerializableType: 
      m_SerializableObject: 
    m_Space: 2147483647
  m_Property:
    name: z
    m_serializedType:
      m_SerializableType: System.Single, mscorlib, Version=4.0.0.0, Culture=neutral,
        PublicKeyToken=b77a5c561934e089
  m_Direction: 0
  m_LinkedSlots: []
--- !u!114 &8926484042661614877
MonoBehaviour:
  m_ObjectHideFlags: 0
  m_CorrespondingSourceObject: {fileID: 0}
  m_PrefabInstance: {fileID: 0}
  m_PrefabAsset: {fileID: 0}
  m_GameObject: {fileID: 0}
  m_Enabled: 1
  m_EditorHideFlags: 0
  m_Script: {fileID: 11500000, guid: f780aa281814f9842a7c076d436932e7, type: 3}
  m_Name: 
  m_EditorClassIdentifier: 
  m_UIIgnoredErrors: []
  m_Parent: {fileID: 8926484042661614872}
  m_Children: []
  m_UIPosition: {x: 0, y: 0}
  m_UICollapsed: 1
  m_UISuperCollapsed: 0
  m_MasterSlot: {fileID: 8926484042661614871}
  m_MasterData:
    m_Owner: {fileID: 0}
    m_Value:
      m_Type:
        m_SerializableType: 
      m_SerializableObject: 
    m_Space: 2147483647
  m_Property:
    name: radius
    m_serializedType:
      m_SerializableType: System.Single, mscorlib, Version=4.0.0.0, Culture=neutral,
        PublicKeyToken=b77a5c561934e089
  m_Direction: 0
  m_LinkedSlots: []
--- !u!114 &8926484042661614878
MonoBehaviour:
  m_ObjectHideFlags: 0
  m_CorrespondingSourceObject: {fileID: 0}
  m_PrefabInstance: {fileID: 0}
  m_PrefabAsset: {fileID: 0}
  m_GameObject: {fileID: 0}
  m_Enabled: 1
  m_EditorHideFlags: 0
  m_Script: {fileID: 11500000, guid: f780aa281814f9842a7c076d436932e7, type: 3}
  m_Name: 
  m_EditorClassIdentifier: 
  m_UIIgnoredErrors: []
  m_Parent: {fileID: 8926484042661614871}
  m_Children: []
  m_UIPosition: {x: 0, y: 0}
  m_UICollapsed: 1
  m_UISuperCollapsed: 0
  m_MasterSlot: {fileID: 8926484042661614871}
  m_MasterData:
    m_Owner: {fileID: 0}
    m_Value:
      m_Type:
        m_SerializableType: 
      m_SerializableObject: 
    m_Space: 2147483647
  m_Property:
    name: arc
    m_serializedType:
      m_SerializableType: System.Single, mscorlib, Version=4.0.0.0, Culture=neutral,
        PublicKeyToken=b77a5c561934e089
  m_Direction: 0
  m_LinkedSlots: []
--- !u!114 &8926484042661614879
MonoBehaviour:
  m_ObjectHideFlags: 0
  m_CorrespondingSourceObject: {fileID: 0}
  m_PrefabInstance: {fileID: 0}
  m_PrefabAsset: {fileID: 0}
  m_GameObject: {fileID: 0}
  m_Enabled: 1
  m_EditorHideFlags: 0
  m_Script: {fileID: 11500000, guid: 60fff265f139e2a4194a44c2bac41757, type: 3}
  m_Name: 
  m_EditorClassIdentifier: 
  m_UIIgnoredErrors: []
  m_Parent: {fileID: 8926484042661614859}
  m_Children: []
  m_UIPosition: {x: -1231.6245, y: -284.07043}
  m_UICollapsed: 0
  m_UISuperCollapsed: 0
  m_InputSlots:
  - {fileID: 8926484042661614880}
  - {fileID: 8926484042661614881}
  - {fileID: 8926484042661614882}
  - {fileID: 8926484042661614886}
  m_OutputSlots: []
  m_Disabled: 0
  attribute: position
  Composition: 0
  SampleMode: 6
  channels: 6
--- !u!114 &8926484042661614880
MonoBehaviour:
  m_ObjectHideFlags: 0
  m_CorrespondingSourceObject: {fileID: 0}
  m_PrefabInstance: {fileID: 0}
  m_PrefabAsset: {fileID: 0}
  m_GameObject: {fileID: 0}
  m_Enabled: 1
  m_EditorHideFlags: 0
  m_Script: {fileID: 11500000, guid: 70a331b1d86cc8d4aa106ccbe0da5852, type: 3}
  m_Name: 
  m_EditorClassIdentifier: 
  m_UIIgnoredErrors: []
  m_Parent: {fileID: 0}
  m_Children: []
  m_UIPosition: {x: 0, y: 0}
  m_UICollapsed: 1
  m_UISuperCollapsed: 0
  m_MasterSlot: {fileID: 8926484042661614880}
  m_MasterData:
    m_Owner: {fileID: 8926484042661614879}
    m_Value:
      m_Type:
        m_SerializableType: UnityEngine.Texture2D, UnityEngine.CoreModule, Version=0.0.0.0,
          Culture=neutral, PublicKeyToken=null
      m_SerializableObject: '{"obj":{"fileID":2800000,"guid":"1d8481de16af723418a688958c41224b","type":3}}'
    m_Space: 2147483647
  m_Property:
    name: attributeMap
    m_serializedType:
      m_SerializableType: UnityEngine.Texture2D, UnityEngine.CoreModule, Version=0.0.0.0,
        Culture=neutral, PublicKeyToken=null
  m_Direction: 0
  m_LinkedSlots:
  - {fileID: 8926484042661614941}
--- !u!114 &8926484042661614881
MonoBehaviour:
  m_ObjectHideFlags: 0
  m_CorrespondingSourceObject: {fileID: 0}
  m_PrefabInstance: {fileID: 0}
  m_PrefabAsset: {fileID: 0}
  m_GameObject: {fileID: 0}
  m_Enabled: 1
  m_EditorHideFlags: 0
  m_Script: {fileID: 11500000, guid: c52d920e7fff73b498050a6b3c4404ca, type: 3}
  m_Name: 
  m_EditorClassIdentifier: 
  m_UIIgnoredErrors: []
  m_Parent: {fileID: 0}
  m_Children: []
  m_UIPosition: {x: 0, y: 0}
  m_UICollapsed: 1
  m_UISuperCollapsed: 0
  m_MasterSlot: {fileID: 8926484042661614881}
  m_MasterData:
    m_Owner: {fileID: 8926484042661614879}
    m_Value:
      m_Type:
        m_SerializableType: System.UInt32, mscorlib, Version=4.0.0.0, Culture=neutral,
          PublicKeyToken=b77a5c561934e089
      m_SerializableObject: 0
    m_Space: 2147483647
  m_Property:
    name: Seed
    m_serializedType:
      m_SerializableType: System.UInt32, mscorlib, Version=4.0.0.0, Culture=neutral,
        PublicKeyToken=b77a5c561934e089
  m_Direction: 0
  m_LinkedSlots: []
--- !u!114 &8926484042661614882
MonoBehaviour:
  m_ObjectHideFlags: 0
  m_CorrespondingSourceObject: {fileID: 0}
  m_PrefabInstance: {fileID: 0}
  m_PrefabAsset: {fileID: 0}
  m_GameObject: {fileID: 0}
  m_Enabled: 1
  m_EditorHideFlags: 0
  m_Script: {fileID: 11500000, guid: ac39bd03fca81b849929b9c966f1836a, type: 3}
  m_Name: 
  m_EditorClassIdentifier: 
  m_UIIgnoredErrors: []
  m_Parent: {fileID: 0}
  m_Children:
  - {fileID: 8926484042661614883}
  - {fileID: 8926484042661614884}
  - {fileID: 8926484042661614885}
  m_UIPosition: {x: 0, y: 0}
  m_UICollapsed: 1
  m_UISuperCollapsed: 0
  m_MasterSlot: {fileID: 8926484042661614882}
  m_MasterData:
    m_Owner: {fileID: 8926484042661614879}
    m_Value:
      m_Type:
        m_SerializableType: UnityEngine.Vector3, UnityEngine.CoreModule, Version=0.0.0.0,
          Culture=neutral, PublicKeyToken=null
      m_SerializableObject: '{"x":0.0,"y":0.0,"z":0.0}'
    m_Space: 2147483647
  m_Property:
    name: valueBias
    m_serializedType:
      m_SerializableType: UnityEngine.Vector3, UnityEngine.CoreModule, Version=0.0.0.0,
        Culture=neutral, PublicKeyToken=null
  m_Direction: 0
  m_LinkedSlots: []
--- !u!114 &8926484042661614883
MonoBehaviour:
  m_ObjectHideFlags: 0
  m_CorrespondingSourceObject: {fileID: 0}
  m_PrefabInstance: {fileID: 0}
  m_PrefabAsset: {fileID: 0}
  m_GameObject: {fileID: 0}
  m_Enabled: 1
  m_EditorHideFlags: 0
  m_Script: {fileID: 11500000, guid: f780aa281814f9842a7c076d436932e7, type: 3}
  m_Name: 
  m_EditorClassIdentifier: 
  m_UIIgnoredErrors: []
  m_Parent: {fileID: 8926484042661614882}
  m_Children: []
  m_UIPosition: {x: 0, y: 0}
  m_UICollapsed: 1
  m_UISuperCollapsed: 0
  m_MasterSlot: {fileID: 8926484042661614882}
  m_MasterData:
    m_Owner: {fileID: 0}
    m_Value:
      m_Type:
        m_SerializableType: 
      m_SerializableObject: 
    m_Space: 2147483647
  m_Property:
    name: x
    m_serializedType:
      m_SerializableType: System.Single, mscorlib, Version=4.0.0.0, Culture=neutral,
        PublicKeyToken=b77a5c561934e089
  m_Direction: 0
  m_LinkedSlots: []
--- !u!114 &8926484042661614884
MonoBehaviour:
  m_ObjectHideFlags: 0
  m_CorrespondingSourceObject: {fileID: 0}
  m_PrefabInstance: {fileID: 0}
  m_PrefabAsset: {fileID: 0}
  m_GameObject: {fileID: 0}
  m_Enabled: 1
  m_EditorHideFlags: 0
  m_Script: {fileID: 11500000, guid: f780aa281814f9842a7c076d436932e7, type: 3}
  m_Name: 
  m_EditorClassIdentifier: 
  m_UIIgnoredErrors: []
  m_Parent: {fileID: 8926484042661614882}
  m_Children: []
  m_UIPosition: {x: 0, y: 0}
  m_UICollapsed: 1
  m_UISuperCollapsed: 0
  m_MasterSlot: {fileID: 8926484042661614882}
  m_MasterData:
    m_Owner: {fileID: 0}
    m_Value:
      m_Type:
        m_SerializableType: 
      m_SerializableObject: 
    m_Space: 2147483647
  m_Property:
    name: y
    m_serializedType:
      m_SerializableType: System.Single, mscorlib, Version=4.0.0.0, Culture=neutral,
        PublicKeyToken=b77a5c561934e089
  m_Direction: 0
  m_LinkedSlots: []
--- !u!114 &8926484042661614885
MonoBehaviour:
  m_ObjectHideFlags: 0
  m_CorrespondingSourceObject: {fileID: 0}
  m_PrefabInstance: {fileID: 0}
  m_PrefabAsset: {fileID: 0}
  m_GameObject: {fileID: 0}
  m_Enabled: 1
  m_EditorHideFlags: 0
  m_Script: {fileID: 11500000, guid: f780aa281814f9842a7c076d436932e7, type: 3}
  m_Name: 
  m_EditorClassIdentifier: 
  m_UIIgnoredErrors: []
  m_Parent: {fileID: 8926484042661614882}
  m_Children: []
  m_UIPosition: {x: 0, y: 0}
  m_UICollapsed: 1
  m_UISuperCollapsed: 0
  m_MasterSlot: {fileID: 8926484042661614882}
  m_MasterData:
    m_Owner: {fileID: 0}
    m_Value:
      m_Type:
        m_SerializableType: 
      m_SerializableObject: 
    m_Space: 2147483647
  m_Property:
    name: z
    m_serializedType:
      m_SerializableType: System.Single, mscorlib, Version=4.0.0.0, Culture=neutral,
        PublicKeyToken=b77a5c561934e089
  m_Direction: 0
  m_LinkedSlots: []
--- !u!114 &8926484042661614886
MonoBehaviour:
  m_ObjectHideFlags: 0
  m_CorrespondingSourceObject: {fileID: 0}
  m_PrefabInstance: {fileID: 0}
  m_PrefabAsset: {fileID: 0}
  m_GameObject: {fileID: 0}
  m_Enabled: 1
  m_EditorHideFlags: 0
  m_Script: {fileID: 11500000, guid: ac39bd03fca81b849929b9c966f1836a, type: 3}
  m_Name: 
  m_EditorClassIdentifier: 
  m_UIIgnoredErrors: []
  m_Parent: {fileID: 0}
  m_Children:
  - {fileID: 8926484042661614887}
  - {fileID: 8926484042661614888}
  - {fileID: 8926484042661614889}
  m_UIPosition: {x: 0, y: 0}
  m_UICollapsed: 1
  m_UISuperCollapsed: 0
  m_MasterSlot: {fileID: 8926484042661614886}
  m_MasterData:
    m_Owner: {fileID: 8926484042661614879}
    m_Value:
      m_Type:
        m_SerializableType: UnityEngine.Vector3, UnityEngine.CoreModule, Version=0.0.0.0,
          Culture=neutral, PublicKeyToken=null
      m_SerializableObject: '{"x":0.699999988079071,"y":0.699999988079071,"z":0.699999988079071}'
    m_Space: 2147483647
  m_Property:
    name: valueScale
    m_serializedType:
      m_SerializableType: UnityEngine.Vector3, UnityEngine.CoreModule, Version=0.0.0.0,
        Culture=neutral, PublicKeyToken=null
  m_Direction: 0
  m_LinkedSlots: []
--- !u!114 &8926484042661614887
MonoBehaviour:
  m_ObjectHideFlags: 0
  m_CorrespondingSourceObject: {fileID: 0}
  m_PrefabInstance: {fileID: 0}
  m_PrefabAsset: {fileID: 0}
  m_GameObject: {fileID: 0}
  m_Enabled: 1
  m_EditorHideFlags: 0
  m_Script: {fileID: 11500000, guid: f780aa281814f9842a7c076d436932e7, type: 3}
  m_Name: 
  m_EditorClassIdentifier: 
  m_UIIgnoredErrors: []
  m_Parent: {fileID: 8926484042661614886}
  m_Children: []
  m_UIPosition: {x: 0, y: 0}
  m_UICollapsed: 1
  m_UISuperCollapsed: 0
  m_MasterSlot: {fileID: 8926484042661614886}
  m_MasterData:
    m_Owner: {fileID: 0}
    m_Value:
      m_Type:
        m_SerializableType: 
      m_SerializableObject: 
    m_Space: 2147483647
  m_Property:
    name: x
    m_serializedType:
      m_SerializableType: System.Single, mscorlib, Version=4.0.0.0, Culture=neutral,
        PublicKeyToken=b77a5c561934e089
  m_Direction: 0
  m_LinkedSlots: []
--- !u!114 &8926484042661614888
MonoBehaviour:
  m_ObjectHideFlags: 0
  m_CorrespondingSourceObject: {fileID: 0}
  m_PrefabInstance: {fileID: 0}
  m_PrefabAsset: {fileID: 0}
  m_GameObject: {fileID: 0}
  m_Enabled: 1
  m_EditorHideFlags: 0
  m_Script: {fileID: 11500000, guid: f780aa281814f9842a7c076d436932e7, type: 3}
  m_Name: 
  m_EditorClassIdentifier: 
  m_UIIgnoredErrors: []
  m_Parent: {fileID: 8926484042661614886}
  m_Children: []
  m_UIPosition: {x: 0, y: 0}
  m_UICollapsed: 1
  m_UISuperCollapsed: 0
  m_MasterSlot: {fileID: 8926484042661614886}
  m_MasterData:
    m_Owner: {fileID: 0}
    m_Value:
      m_Type:
        m_SerializableType: 
      m_SerializableObject: 
    m_Space: 2147483647
  m_Property:
    name: y
    m_serializedType:
      m_SerializableType: System.Single, mscorlib, Version=4.0.0.0, Culture=neutral,
        PublicKeyToken=b77a5c561934e089
  m_Direction: 0
  m_LinkedSlots: []
--- !u!114 &8926484042661614889
MonoBehaviour:
  m_ObjectHideFlags: 0
  m_CorrespondingSourceObject: {fileID: 0}
  m_PrefabInstance: {fileID: 0}
  m_PrefabAsset: {fileID: 0}
  m_GameObject: {fileID: 0}
  m_Enabled: 1
  m_EditorHideFlags: 0
  m_Script: {fileID: 11500000, guid: f780aa281814f9842a7c076d436932e7, type: 3}
  m_Name: 
  m_EditorClassIdentifier: 
  m_UIIgnoredErrors: []
  m_Parent: {fileID: 8926484042661614886}
  m_Children: []
  m_UIPosition: {x: 0, y: 0}
  m_UICollapsed: 1
  m_UISuperCollapsed: 0
  m_MasterSlot: {fileID: 8926484042661614886}
  m_MasterData:
    m_Owner: {fileID: 0}
    m_Value:
      m_Type:
        m_SerializableType: 
      m_SerializableObject: 
    m_Space: 2147483647
  m_Property:
    name: z
    m_serializedType:
      m_SerializableType: System.Single, mscorlib, Version=4.0.0.0, Culture=neutral,
        PublicKeyToken=b77a5c561934e089
  m_Direction: 0
  m_LinkedSlots: []
--- !u!114 &8926484042661614890
MonoBehaviour:
  m_ObjectHideFlags: 0
  m_CorrespondingSourceObject: {fileID: 0}
  m_PrefabInstance: {fileID: 0}
  m_PrefabAsset: {fileID: 0}
  m_GameObject: {fileID: 0}
  m_Enabled: 1
  m_EditorHideFlags: 0
  m_Script: {fileID: 11500000, guid: a971fa2e110a0ac42ac1d8dae408704b, type: 3}
  m_Name: 
  m_EditorClassIdentifier: 
  m_UIIgnoredErrors: []
  m_Parent: {fileID: 8926484042661614859}
  m_Children: []
  m_UIPosition: {x: 1040.5166, y: -182.05353}
  m_UICollapsed: 0
  m_UISuperCollapsed: 0
  m_InputSlots:
  - {fileID: 8926484042661614891}
  - {fileID: 8926484042661614892}
  m_OutputSlots: []
  m_Disabled: 0
  attribute: lifetime
  Composition: 0
  Source: 0
  Random: 2
  channels: 6
--- !u!114 &8926484042661614891
MonoBehaviour:
  m_ObjectHideFlags: 0
  m_CorrespondingSourceObject: {fileID: 0}
  m_PrefabInstance: {fileID: 0}
  m_PrefabAsset: {fileID: 0}
  m_GameObject: {fileID: 0}
  m_Enabled: 1
  m_EditorHideFlags: 0
  m_Script: {fileID: 11500000, guid: f780aa281814f9842a7c076d436932e7, type: 3}
  m_Name: 
  m_EditorClassIdentifier: 
  m_UIIgnoredErrors: []
  m_Parent: {fileID: 0}
  m_Children: []
  m_UIPosition: {x: 0, y: 0}
  m_UICollapsed: 1
  m_UISuperCollapsed: 0
  m_MasterSlot: {fileID: 8926484042661614891}
  m_MasterData:
    m_Owner: {fileID: 8926484042661614890}
    m_Value:
      m_Type:
        m_SerializableType: System.Single, mscorlib, Version=4.0.0.0, Culture=neutral,
          PublicKeyToken=b77a5c561934e089
      m_SerializableObject: 1
    m_Space: 2147483647
  m_Property:
    name: A
    m_serializedType:
      m_SerializableType: System.Single, mscorlib, Version=4.0.0.0, Culture=neutral,
        PublicKeyToken=b77a5c561934e089
  m_Direction: 0
  m_LinkedSlots: []
--- !u!114 &8926484042661614892
MonoBehaviour:
  m_ObjectHideFlags: 0
  m_CorrespondingSourceObject: {fileID: 0}
  m_PrefabInstance: {fileID: 0}
  m_PrefabAsset: {fileID: 0}
  m_GameObject: {fileID: 0}
  m_Enabled: 1
  m_EditorHideFlags: 0
  m_Script: {fileID: 11500000, guid: f780aa281814f9842a7c076d436932e7, type: 3}
  m_Name: 
  m_EditorClassIdentifier: 
  m_UIIgnoredErrors: []
  m_Parent: {fileID: 0}
  m_Children: []
  m_UIPosition: {x: 0, y: 0}
  m_UICollapsed: 1
  m_UISuperCollapsed: 0
  m_MasterSlot: {fileID: 8926484042661614892}
  m_MasterData:
    m_Owner: {fileID: 8926484042661614890}
    m_Value:
      m_Type:
        m_SerializableType: System.Single, mscorlib, Version=4.0.0.0, Culture=neutral,
          PublicKeyToken=b77a5c561934e089
      m_SerializableObject: 3
    m_Space: 2147483647
  m_Property:
    name: B
    m_serializedType:
      m_SerializableType: System.Single, mscorlib, Version=4.0.0.0, Culture=neutral,
        PublicKeyToken=b77a5c561934e089
  m_Direction: 0
  m_LinkedSlots: []
--- !u!114 &8926484042661614893
MonoBehaviour:
  m_ObjectHideFlags: 0
  m_CorrespondingSourceObject: {fileID: 0}
  m_PrefabInstance: {fileID: 0}
  m_PrefabAsset: {fileID: 0}
  m_GameObject: {fileID: 0}
  m_Enabled: 1
  m_EditorHideFlags: 0
  m_Script: {fileID: 11500000, guid: 60fff265f139e2a4194a44c2bac41757, type: 3}
  m_Name: 
  m_EditorClassIdentifier: 
  m_UIIgnoredErrors: []
  m_Parent: {fileID: 8926484042661614859}
  m_Children: []
  m_UIPosition: {x: -1231.6245, y: -284.07043}
  m_UICollapsed: 0
  m_UISuperCollapsed: 0
  m_InputSlots:
  - {fileID: 8926484042661614894}
  - {fileID: 8926484042661614895}
  - {fileID: 8926484042661614899}
  m_OutputSlots: []
  m_Disabled: 1
  attribute: velocity
  Composition: 0
  SampleMode: 5
  channels: 6
--- !u!114 &8926484042661614894
MonoBehaviour:
  m_ObjectHideFlags: 0
  m_CorrespondingSourceObject: {fileID: 0}
  m_PrefabInstance: {fileID: 0}
  m_PrefabAsset: {fileID: 0}
  m_GameObject: {fileID: 0}
  m_Enabled: 1
  m_EditorHideFlags: 0
  m_Script: {fileID: 11500000, guid: 70a331b1d86cc8d4aa106ccbe0da5852, type: 3}
  m_Name: 
  m_EditorClassIdentifier: 
  m_UIIgnoredErrors: []
  m_Parent: {fileID: 0}
  m_Children: []
  m_UIPosition: {x: 0, y: 0}
  m_UICollapsed: 1
  m_UISuperCollapsed: 0
  m_MasterSlot: {fileID: 8926484042661614894}
  m_MasterData:
    m_Owner: {fileID: 8926484042661614893}
    m_Value:
      m_Type:
        m_SerializableType: UnityEngine.Texture2D, UnityEngine.CoreModule, Version=0.0.0.0,
          Culture=neutral, PublicKeyToken=null
      m_SerializableObject: '{"obj":{"fileID":2800000,"guid":"1d8481de16af723418a688958c41224b","type":3}}'
    m_Space: 2147483647
  m_Property:
    name: attributeMap
    m_serializedType:
      m_SerializableType: UnityEngine.Texture2D, UnityEngine.CoreModule, Version=0.0.0.0,
        Culture=neutral, PublicKeyToken=null
  m_Direction: 0
  m_LinkedSlots:
  - {fileID: 8926484042661614942}
--- !u!114 &8926484042661614895
MonoBehaviour:
  m_ObjectHideFlags: 0
  m_CorrespondingSourceObject: {fileID: 0}
  m_PrefabInstance: {fileID: 0}
  m_PrefabAsset: {fileID: 0}
  m_GameObject: {fileID: 0}
  m_Enabled: 1
  m_EditorHideFlags: 0
  m_Script: {fileID: 11500000, guid: ac39bd03fca81b849929b9c966f1836a, type: 3}
  m_Name: 
  m_EditorClassIdentifier: 
  m_UIIgnoredErrors: []
  m_Parent: {fileID: 0}
  m_Children:
  - {fileID: 8926484042661614896}
  - {fileID: 8926484042661614897}
  - {fileID: 8926484042661614898}
  m_UIPosition: {x: 0, y: 0}
  m_UICollapsed: 1
  m_UISuperCollapsed: 0
  m_MasterSlot: {fileID: 8926484042661614895}
  m_MasterData:
    m_Owner: {fileID: 8926484042661614893}
    m_Value:
      m_Type:
        m_SerializableType: UnityEngine.Vector3, UnityEngine.CoreModule, Version=0.0.0.0,
          Culture=neutral, PublicKeyToken=null
      m_SerializableObject: '{"x":0.0,"y":0.0,"z":0.0}'
    m_Space: 2147483647
  m_Property:
    name: valueBias
    m_serializedType:
      m_SerializableType: UnityEngine.Vector3, UnityEngine.CoreModule, Version=0.0.0.0,
        Culture=neutral, PublicKeyToken=null
  m_Direction: 0
  m_LinkedSlots: []
--- !u!114 &8926484042661614896
MonoBehaviour:
  m_ObjectHideFlags: 0
  m_CorrespondingSourceObject: {fileID: 0}
  m_PrefabInstance: {fileID: 0}
  m_PrefabAsset: {fileID: 0}
  m_GameObject: {fileID: 0}
  m_Enabled: 1
  m_EditorHideFlags: 0
  m_Script: {fileID: 11500000, guid: f780aa281814f9842a7c076d436932e7, type: 3}
  m_Name: 
  m_EditorClassIdentifier: 
  m_UIIgnoredErrors: []
  m_Parent: {fileID: 8926484042661614895}
  m_Children: []
  m_UIPosition: {x: 0, y: 0}
  m_UICollapsed: 1
  m_UISuperCollapsed: 0
  m_MasterSlot: {fileID: 8926484042661614895}
  m_MasterData:
    m_Owner: {fileID: 0}
    m_Value:
      m_Type:
        m_SerializableType: 
      m_SerializableObject: 
    m_Space: 2147483647
  m_Property:
    name: x
    m_serializedType:
      m_SerializableType: System.Single, mscorlib, Version=4.0.0.0, Culture=neutral,
        PublicKeyToken=b77a5c561934e089
  m_Direction: 0
  m_LinkedSlots: []
--- !u!114 &8926484042661614897
MonoBehaviour:
  m_ObjectHideFlags: 0
  m_CorrespondingSourceObject: {fileID: 0}
  m_PrefabInstance: {fileID: 0}
  m_PrefabAsset: {fileID: 0}
  m_GameObject: {fileID: 0}
  m_Enabled: 1
  m_EditorHideFlags: 0
  m_Script: {fileID: 11500000, guid: f780aa281814f9842a7c076d436932e7, type: 3}
  m_Name: 
  m_EditorClassIdentifier: 
  m_UIIgnoredErrors: []
  m_Parent: {fileID: 8926484042661614895}
  m_Children: []
  m_UIPosition: {x: 0, y: 0}
  m_UICollapsed: 1
  m_UISuperCollapsed: 0
  m_MasterSlot: {fileID: 8926484042661614895}
  m_MasterData:
    m_Owner: {fileID: 0}
    m_Value:
      m_Type:
        m_SerializableType: 
      m_SerializableObject: 
    m_Space: 2147483647
  m_Property:
    name: y
    m_serializedType:
      m_SerializableType: System.Single, mscorlib, Version=4.0.0.0, Culture=neutral,
        PublicKeyToken=b77a5c561934e089
  m_Direction: 0
  m_LinkedSlots: []
--- !u!114 &8926484042661614898
MonoBehaviour:
  m_ObjectHideFlags: 0
  m_CorrespondingSourceObject: {fileID: 0}
  m_PrefabInstance: {fileID: 0}
  m_PrefabAsset: {fileID: 0}
  m_GameObject: {fileID: 0}
  m_Enabled: 1
  m_EditorHideFlags: 0
  m_Script: {fileID: 11500000, guid: f780aa281814f9842a7c076d436932e7, type: 3}
  m_Name: 
  m_EditorClassIdentifier: 
  m_UIIgnoredErrors: []
  m_Parent: {fileID: 8926484042661614895}
  m_Children: []
  m_UIPosition: {x: 0, y: 0}
  m_UICollapsed: 1
  m_UISuperCollapsed: 0
  m_MasterSlot: {fileID: 8926484042661614895}
  m_MasterData:
    m_Owner: {fileID: 0}
    m_Value:
      m_Type:
        m_SerializableType: 
      m_SerializableObject: 
    m_Space: 2147483647
  m_Property:
    name: z
    m_serializedType:
      m_SerializableType: System.Single, mscorlib, Version=4.0.0.0, Culture=neutral,
        PublicKeyToken=b77a5c561934e089
  m_Direction: 0
  m_LinkedSlots: []
--- !u!114 &8926484042661614899
MonoBehaviour:
  m_ObjectHideFlags: 0
  m_CorrespondingSourceObject: {fileID: 0}
  m_PrefabInstance: {fileID: 0}
  m_PrefabAsset: {fileID: 0}
  m_GameObject: {fileID: 0}
  m_Enabled: 1
  m_EditorHideFlags: 0
  m_Script: {fileID: 11500000, guid: ac39bd03fca81b849929b9c966f1836a, type: 3}
  m_Name: 
  m_EditorClassIdentifier: 
  m_UIIgnoredErrors: []
  m_Parent: {fileID: 0}
  m_Children:
  - {fileID: 8926484042661614900}
  - {fileID: 8926484042661614901}
  - {fileID: 8926484042661614902}
  m_UIPosition: {x: 0, y: 0}
  m_UICollapsed: 1
  m_UISuperCollapsed: 0
  m_MasterSlot: {fileID: 8926484042661614899}
  m_MasterData:
    m_Owner: {fileID: 8926484042661614893}
    m_Value:
      m_Type:
        m_SerializableType: UnityEngine.Vector3, UnityEngine.CoreModule, Version=0.0.0.0,
          Culture=neutral, PublicKeyToken=null
      m_SerializableObject: '{"x":0.0,"y":-0.20000000298023225,"z":-2.8299999237060549}'
    m_Space: 2147483647
  m_Property:
    name: valueScale
    m_serializedType:
      m_SerializableType: UnityEngine.Vector3, UnityEngine.CoreModule, Version=0.0.0.0,
        Culture=neutral, PublicKeyToken=null
  m_Direction: 0
  m_LinkedSlots: []
--- !u!114 &8926484042661614900
MonoBehaviour:
  m_ObjectHideFlags: 0
  m_CorrespondingSourceObject: {fileID: 0}
  m_PrefabInstance: {fileID: 0}
  m_PrefabAsset: {fileID: 0}
  m_GameObject: {fileID: 0}
  m_Enabled: 1
  m_EditorHideFlags: 0
  m_Script: {fileID: 11500000, guid: f780aa281814f9842a7c076d436932e7, type: 3}
  m_Name: 
  m_EditorClassIdentifier: 
  m_UIIgnoredErrors: []
  m_Parent: {fileID: 8926484042661614899}
  m_Children: []
  m_UIPosition: {x: 0, y: 0}
  m_UICollapsed: 1
  m_UISuperCollapsed: 0
  m_MasterSlot: {fileID: 8926484042661614899}
  m_MasterData:
    m_Owner: {fileID: 0}
    m_Value:
      m_Type:
        m_SerializableType: 
      m_SerializableObject: 
    m_Space: 2147483647
  m_Property:
    name: x
    m_serializedType:
      m_SerializableType: System.Single, mscorlib, Version=4.0.0.0, Culture=neutral,
        PublicKeyToken=b77a5c561934e089
  m_Direction: 0
  m_LinkedSlots: []
--- !u!114 &8926484042661614901
MonoBehaviour:
  m_ObjectHideFlags: 0
  m_CorrespondingSourceObject: {fileID: 0}
  m_PrefabInstance: {fileID: 0}
  m_PrefabAsset: {fileID: 0}
  m_GameObject: {fileID: 0}
  m_Enabled: 1
  m_EditorHideFlags: 0
  m_Script: {fileID: 11500000, guid: f780aa281814f9842a7c076d436932e7, type: 3}
  m_Name: 
  m_EditorClassIdentifier: 
  m_UIIgnoredErrors: []
  m_Parent: {fileID: 8926484042661614899}
  m_Children: []
  m_UIPosition: {x: 0, y: 0}
  m_UICollapsed: 1
  m_UISuperCollapsed: 0
  m_MasterSlot: {fileID: 8926484042661614899}
  m_MasterData:
    m_Owner: {fileID: 0}
    m_Value:
      m_Type:
        m_SerializableType: 
      m_SerializableObject: 
    m_Space: 2147483647
  m_Property:
    name: y
    m_serializedType:
      m_SerializableType: System.Single, mscorlib, Version=4.0.0.0, Culture=neutral,
        PublicKeyToken=b77a5c561934e089
  m_Direction: 0
  m_LinkedSlots: []
--- !u!114 &8926484042661614902
MonoBehaviour:
  m_ObjectHideFlags: 0
  m_CorrespondingSourceObject: {fileID: 0}
  m_PrefabInstance: {fileID: 0}
  m_PrefabAsset: {fileID: 0}
  m_GameObject: {fileID: 0}
  m_Enabled: 1
  m_EditorHideFlags: 0
  m_Script: {fileID: 11500000, guid: f780aa281814f9842a7c076d436932e7, type: 3}
  m_Name: 
  m_EditorClassIdentifier: 
  m_UIIgnoredErrors: []
  m_Parent: {fileID: 8926484042661614899}
  m_Children: []
  m_UIPosition: {x: 0, y: 0}
  m_UICollapsed: 1
  m_UISuperCollapsed: 0
  m_MasterSlot: {fileID: 8926484042661614899}
  m_MasterData:
    m_Owner: {fileID: 0}
    m_Value:
      m_Type:
        m_SerializableType: 
      m_SerializableObject: 
    m_Space: 2147483647
  m_Property:
    name: z
    m_serializedType:
      m_SerializableType: System.Single, mscorlib, Version=4.0.0.0, Culture=neutral,
        PublicKeyToken=b77a5c561934e089
  m_Direction: 0
  m_LinkedSlots: []
--- !u!114 &8926484042661614903
MonoBehaviour:
  m_ObjectHideFlags: 0
  m_CorrespondingSourceObject: {fileID: 0}
  m_PrefabInstance: {fileID: 0}
  m_PrefabAsset: {fileID: 0}
  m_GameObject: {fileID: 0}
  m_Enabled: 1
  m_EditorHideFlags: 0
  m_Script: {fileID: 11500000, guid: 01ec2c1930009b04ea08905b47262415, type: 3}
  m_Name: 
  m_EditorClassIdentifier: 
  m_UIIgnoredErrors: []
  m_Parent: {fileID: 8926484042661614859}
  m_Children: []
  m_UIPosition: {x: -1231.6245, y: -284.07043}
  m_UICollapsed: 0
  m_UISuperCollapsed: 0
  m_InputSlots:
  - {fileID: 8926484042661614904}
  - {fileID: 8926484042661614905}
  - {fileID: 8926484042661614906}
  m_OutputSlots: []
  m_Disabled: 1
  attribute: velocity
  Composition: 0
  AlphaComposition: 0
  SampleMode: 0
  Mode: 1
  ColorMode: 3
  channels: 6
--- !u!114 &8926484042661614904
MonoBehaviour:
  m_ObjectHideFlags: 0
  m_CorrespondingSourceObject: {fileID: 0}
  m_PrefabInstance: {fileID: 0}
  m_PrefabAsset: {fileID: 0}
  m_GameObject: {fileID: 0}
  m_Enabled: 1
  m_EditorHideFlags: 0
  m_Script: {fileID: 11500000, guid: c117b74c5c58db542bffe25c78fe92db, type: 3}
  m_Name: 
  m_EditorClassIdentifier: 
  m_UIIgnoredErrors: []
  m_Parent: {fileID: 0}
  m_Children: []
  m_UIPosition: {x: 0, y: 0}
  m_UICollapsed: 1
  m_UISuperCollapsed: 0
  m_MasterSlot: {fileID: 8926484042661614904}
  m_MasterData:
    m_Owner: {fileID: 8926484042661614903}
    m_Value:
      m_Type:
        m_SerializableType: UnityEngine.AnimationCurve, UnityEngine.CoreModule, Version=0.0.0.0,
          Culture=neutral, PublicKeyToken=null
      m_SerializableObject: '{"frames":[{"time":-0.006269574165344238,"value":0.0023584961891174318,"inTangent":0.0,"outTangent":0.0,"tangentMode":0,"leftTangentMode":1,"rightTangentMode":1,"broken":false},{"time":0.9937304258346558,"value":0.0023584961891174318,"inTangent":0.0,"outTangent":0.0,"tangentMode":0,"leftTangentMode":1,"rightTangentMode":1,"broken":false}],"preWrapMode":8,"postWrapMode":8,"version":1}'
    m_Space: 2147483647
  m_Property:
    name: Velocity_x
    m_serializedType:
      m_SerializableType: UnityEngine.AnimationCurve, UnityEngine.CoreModule, Version=0.0.0.0,
        Culture=neutral, PublicKeyToken=null
  m_Direction: 0
  m_LinkedSlots: []
--- !u!114 &8926484042661614905
MonoBehaviour:
  m_ObjectHideFlags: 0
  m_CorrespondingSourceObject: {fileID: 0}
  m_PrefabInstance: {fileID: 0}
  m_PrefabAsset: {fileID: 0}
  m_GameObject: {fileID: 0}
  m_Enabled: 1
  m_EditorHideFlags: 0
  m_Script: {fileID: 11500000, guid: c117b74c5c58db542bffe25c78fe92db, type: 3}
  m_Name: 
  m_EditorClassIdentifier: 
  m_UIIgnoredErrors: []
  m_Parent: {fileID: 0}
  m_Children: []
  m_UIPosition: {x: 0, y: 0}
  m_UICollapsed: 1
  m_UISuperCollapsed: 0
  m_MasterSlot: {fileID: 8926484042661614905}
  m_MasterData:
    m_Owner: {fileID: 8926484042661614903}
    m_Value:
      m_Type:
        m_SerializableType: UnityEngine.AnimationCurve, UnityEngine.CoreModule, Version=0.0.0.0,
          Culture=neutral, PublicKeyToken=null
      m_SerializableObject: '{"frames":[{"time":-0.0031348466873168947,"value":-0.004716992378234863,"inTangent":0.0,"outTangent":0.0,"tangentMode":0,"leftTangentMode":1,"rightTangentMode":1,"broken":false},{"time":0.9968651533126831,"value":-0.004716992378234863,"inTangent":0.0,"outTangent":0.0,"tangentMode":0,"leftTangentMode":1,"rightTangentMode":1,"broken":false}],"preWrapMode":8,"postWrapMode":8,"version":1}'
    m_Space: 2147483647
  m_Property:
    name: Velocity_y
    m_serializedType:
      m_SerializableType: UnityEngine.AnimationCurve, UnityEngine.CoreModule, Version=0.0.0.0,
        Culture=neutral, PublicKeyToken=null
  m_Direction: 0
  m_LinkedSlots: []
--- !u!114 &8926484042661614906
MonoBehaviour:
  m_ObjectHideFlags: 0
  m_CorrespondingSourceObject: {fileID: 0}
  m_PrefabInstance: {fileID: 0}
  m_PrefabAsset: {fileID: 0}
  m_GameObject: {fileID: 0}
  m_Enabled: 1
  m_EditorHideFlags: 0
  m_Script: {fileID: 11500000, guid: c117b74c5c58db542bffe25c78fe92db, type: 3}
  m_Name: 
  m_EditorClassIdentifier: 
  m_UIIgnoredErrors: []
  m_Parent: {fileID: 0}
  m_Children: []
  m_UIPosition: {x: 0, y: 0}
  m_UICollapsed: 1
  m_UISuperCollapsed: 0
  m_MasterSlot: {fileID: 8926484042661614906}
  m_MasterData:
    m_Owner: {fileID: 8926484042661614903}
    m_Value:
      m_Type:
        m_SerializableType: UnityEngine.AnimationCurve, UnityEngine.CoreModule, Version=0.0.0.0,
          Culture=neutral, PublicKeyToken=null
      m_SerializableObject: '{"frames":[{"time":-0.007759541273117065,"value":-0.19386538863182069,"inTangent":0.0,"outTangent":0.0,"tangentMode":0,"leftTangentMode":1,"rightTangentMode":1,"broken":false},{"time":0.9922404289245606,"value":-0.19386538863182069,"inTangent":0.0,"outTangent":0.0,"tangentMode":0,"leftTangentMode":1,"rightTangentMode":1,"broken":false}],"preWrapMode":8,"postWrapMode":8,"version":1}'
    m_Space: 2147483647
  m_Property:
    name: Velocity_z
    m_serializedType:
      m_SerializableType: UnityEngine.AnimationCurve, UnityEngine.CoreModule, Version=0.0.0.0,
        Culture=neutral, PublicKeyToken=null
  m_Direction: 0
  m_LinkedSlots: []
--- !u!114 &8926484042661614907
MonoBehaviour:
  m_ObjectHideFlags: 0
  m_CorrespondingSourceObject: {fileID: 0}
  m_PrefabInstance: {fileID: 0}
  m_PrefabAsset: {fileID: 0}
  m_GameObject: {fileID: 0}
  m_Enabled: 1
  m_EditorHideFlags: 0
  m_Script: {fileID: 11500000, guid: a971fa2e110a0ac42ac1d8dae408704b, type: 3}
  m_Name: 
  m_EditorClassIdentifier: 
  m_UIIgnoredErrors: []
  m_Parent: {fileID: 8926484042661614859}
  m_Children: []
  m_UIPosition: {x: 1614.3411, y: -1278.0544}
  m_UICollapsed: 0
  m_UISuperCollapsed: 0
  m_InputSlots:
  - {fileID: 8926484042661614908}
  - {fileID: 8926484042661614913}
  m_OutputSlots: []
  m_Disabled: 0
  attribute: velocity
  Composition: 0
  Source: 0
  Random: 1
  channels: 6
--- !u!114 &8926484042661614908
MonoBehaviour:
  m_ObjectHideFlags: 0
  m_CorrespondingSourceObject: {fileID: 0}
  m_PrefabInstance: {fileID: 0}
  m_PrefabAsset: {fileID: 0}
  m_GameObject: {fileID: 0}
  m_Enabled: 1
  m_EditorHideFlags: 0
  m_Script: {fileID: 11500000, guid: a9f9544b71b7dab44a4644b6807e8bf6, type: 3}
  m_Name: 
  m_EditorClassIdentifier: 
  m_UIIgnoredErrors: []
  m_Parent: {fileID: 0}
  m_Children:
  - {fileID: 8926484042661614909}
  m_UIPosition: {x: 0, y: 0}
  m_UICollapsed: 1
  m_UISuperCollapsed: 0
  m_MasterSlot: {fileID: 8926484042661614908}
  m_MasterData:
    m_Owner: {fileID: 8926484042661614907}
    m_Value:
      m_Type:
        m_SerializableType: UnityEditor.VFX.Vector, Unity.VisualEffectGraph.Editor,
          Version=0.0.0.0, Culture=neutral, PublicKeyToken=null
      m_SerializableObject: '{"vector":{"x":-0.10000000149011612,"y":0.0,"z":-0.5}}'
    m_Space: 0
  m_Property:
    name: A
    m_serializedType:
      m_SerializableType: UnityEditor.VFX.Vector, Unity.VisualEffectGraph.Editor,
        Version=0.0.0.0, Culture=neutral, PublicKeyToken=null
  m_Direction: 0
  m_LinkedSlots: []
--- !u!114 &8926484042661614909
MonoBehaviour:
  m_ObjectHideFlags: 0
  m_CorrespondingSourceObject: {fileID: 0}
  m_PrefabInstance: {fileID: 0}
  m_PrefabAsset: {fileID: 0}
  m_GameObject: {fileID: 0}
  m_Enabled: 1
  m_EditorHideFlags: 0
  m_Script: {fileID: 11500000, guid: ac39bd03fca81b849929b9c966f1836a, type: 3}
  m_Name: 
  m_EditorClassIdentifier: 
  m_UIIgnoredErrors: []
  m_Parent: {fileID: 8926484042661614908}
  m_Children:
  - {fileID: 8926484042661614910}
  - {fileID: 8926484042661614911}
  - {fileID: 8926484042661614912}
  m_UIPosition: {x: 0, y: 0}
  m_UICollapsed: 1
  m_UISuperCollapsed: 0
  m_MasterSlot: {fileID: 8926484042661614908}
  m_MasterData:
    m_Owner: {fileID: 0}
    m_Value:
      m_Type:
        m_SerializableType: 
      m_SerializableObject: 
    m_Space: 2147483647
  m_Property:
    name: vector
    m_serializedType:
      m_SerializableType: UnityEngine.Vector3, UnityEngine.CoreModule, Version=0.0.0.0,
        Culture=neutral, PublicKeyToken=null
  m_Direction: 0
  m_LinkedSlots: []
--- !u!114 &8926484042661614910
MonoBehaviour:
  m_ObjectHideFlags: 0
  m_CorrespondingSourceObject: {fileID: 0}
  m_PrefabInstance: {fileID: 0}
  m_PrefabAsset: {fileID: 0}
  m_GameObject: {fileID: 0}
  m_Enabled: 1
  m_EditorHideFlags: 0
  m_Script: {fileID: 11500000, guid: f780aa281814f9842a7c076d436932e7, type: 3}
  m_Name: 
  m_EditorClassIdentifier: 
  m_UIIgnoredErrors: []
  m_Parent: {fileID: 8926484042661614909}
  m_Children: []
  m_UIPosition: {x: 0, y: 0}
  m_UICollapsed: 1
  m_UISuperCollapsed: 0
  m_MasterSlot: {fileID: 8926484042661614908}
  m_MasterData:
    m_Owner: {fileID: 0}
    m_Value:
      m_Type:
        m_SerializableType: 
      m_SerializableObject: 
    m_Space: 2147483647
  m_Property:
    name: x
    m_serializedType:
      m_SerializableType: System.Single, mscorlib, Version=4.0.0.0, Culture=neutral,
        PublicKeyToken=b77a5c561934e089
  m_Direction: 0
  m_LinkedSlots: []
--- !u!114 &8926484042661614911
MonoBehaviour:
  m_ObjectHideFlags: 0
  m_CorrespondingSourceObject: {fileID: 0}
  m_PrefabInstance: {fileID: 0}
  m_PrefabAsset: {fileID: 0}
  m_GameObject: {fileID: 0}
  m_Enabled: 1
  m_EditorHideFlags: 0
  m_Script: {fileID: 11500000, guid: f780aa281814f9842a7c076d436932e7, type: 3}
  m_Name: 
  m_EditorClassIdentifier: 
  m_UIIgnoredErrors: []
  m_Parent: {fileID: 8926484042661614909}
  m_Children: []
  m_UIPosition: {x: 0, y: 0}
  m_UICollapsed: 1
  m_UISuperCollapsed: 0
  m_MasterSlot: {fileID: 8926484042661614908}
  m_MasterData:
    m_Owner: {fileID: 0}
    m_Value:
      m_Type:
        m_SerializableType: 
      m_SerializableObject: 
    m_Space: 2147483647
  m_Property:
    name: y
    m_serializedType:
      m_SerializableType: System.Single, mscorlib, Version=4.0.0.0, Culture=neutral,
        PublicKeyToken=b77a5c561934e089
  m_Direction: 0
  m_LinkedSlots: []
--- !u!114 &8926484042661614912
MonoBehaviour:
  m_ObjectHideFlags: 0
  m_CorrespondingSourceObject: {fileID: 0}
  m_PrefabInstance: {fileID: 0}
  m_PrefabAsset: {fileID: 0}
  m_GameObject: {fileID: 0}
  m_Enabled: 1
  m_EditorHideFlags: 0
  m_Script: {fileID: 11500000, guid: f780aa281814f9842a7c076d436932e7, type: 3}
  m_Name: 
  m_EditorClassIdentifier: 
  m_UIIgnoredErrors: []
  m_Parent: {fileID: 8926484042661614909}
  m_Children: []
  m_UIPosition: {x: 0, y: 0}
  m_UICollapsed: 1
  m_UISuperCollapsed: 0
  m_MasterSlot: {fileID: 8926484042661614908}
  m_MasterData:
    m_Owner: {fileID: 0}
    m_Value:
      m_Type:
        m_SerializableType: 
      m_SerializableObject: 
    m_Space: 2147483647
  m_Property:
    name: z
    m_serializedType:
      m_SerializableType: System.Single, mscorlib, Version=4.0.0.0, Culture=neutral,
        PublicKeyToken=b77a5c561934e089
  m_Direction: 0
  m_LinkedSlots: []
--- !u!114 &8926484042661614913
MonoBehaviour:
  m_ObjectHideFlags: 0
  m_CorrespondingSourceObject: {fileID: 0}
  m_PrefabInstance: {fileID: 0}
  m_PrefabAsset: {fileID: 0}
  m_GameObject: {fileID: 0}
  m_Enabled: 1
  m_EditorHideFlags: 0
  m_Script: {fileID: 11500000, guid: a9f9544b71b7dab44a4644b6807e8bf6, type: 3}
  m_Name: 
  m_EditorClassIdentifier: 
  m_UIIgnoredErrors: []
  m_Parent: {fileID: 0}
  m_Children:
  - {fileID: 8926484042661614914}
  m_UIPosition: {x: 0, y: 0}
  m_UICollapsed: 1
  m_UISuperCollapsed: 0
  m_MasterSlot: {fileID: 8926484042661614913}
  m_MasterData:
    m_Owner: {fileID: 8926484042661614907}
    m_Value:
      m_Type:
        m_SerializableType: UnityEditor.VFX.Vector, Unity.VisualEffectGraph.Editor,
          Version=0.0.0.0, Culture=neutral, PublicKeyToken=null
      m_SerializableObject: '{"vector":{"x":0.10000000149011612,"y":0.0,"z":0.0}}'
    m_Space: 0
  m_Property:
    name: B
    m_serializedType:
      m_SerializableType: UnityEditor.VFX.Vector, Unity.VisualEffectGraph.Editor,
        Version=0.0.0.0, Culture=neutral, PublicKeyToken=null
  m_Direction: 0
  m_LinkedSlots: []
--- !u!114 &8926484042661614914
MonoBehaviour:
  m_ObjectHideFlags: 0
  m_CorrespondingSourceObject: {fileID: 0}
  m_PrefabInstance: {fileID: 0}
  m_PrefabAsset: {fileID: 0}
  m_GameObject: {fileID: 0}
  m_Enabled: 1
  m_EditorHideFlags: 0
  m_Script: {fileID: 11500000, guid: ac39bd03fca81b849929b9c966f1836a, type: 3}
  m_Name: 
  m_EditorClassIdentifier: 
  m_UIIgnoredErrors: []
  m_Parent: {fileID: 8926484042661614913}
  m_Children:
  - {fileID: 8926484042661614915}
  - {fileID: 8926484042661614916}
  - {fileID: 8926484042661614917}
  m_UIPosition: {x: 0, y: 0}
  m_UICollapsed: 1
  m_UISuperCollapsed: 0
  m_MasterSlot: {fileID: 8926484042661614913}
  m_MasterData:
    m_Owner: {fileID: 0}
    m_Value:
      m_Type:
        m_SerializableType: 
      m_SerializableObject: 
    m_Space: 2147483647
  m_Property:
    name: vector
    m_serializedType:
      m_SerializableType: UnityEngine.Vector3, UnityEngine.CoreModule, Version=0.0.0.0,
        Culture=neutral, PublicKeyToken=null
  m_Direction: 0
  m_LinkedSlots: []
--- !u!114 &8926484042661614915
MonoBehaviour:
  m_ObjectHideFlags: 0
  m_CorrespondingSourceObject: {fileID: 0}
  m_PrefabInstance: {fileID: 0}
  m_PrefabAsset: {fileID: 0}
  m_GameObject: {fileID: 0}
  m_Enabled: 1
  m_EditorHideFlags: 0
  m_Script: {fileID: 11500000, guid: f780aa281814f9842a7c076d436932e7, type: 3}
  m_Name: 
  m_EditorClassIdentifier: 
  m_UIIgnoredErrors: []
  m_Parent: {fileID: 8926484042661614914}
  m_Children: []
  m_UIPosition: {x: 0, y: 0}
  m_UICollapsed: 1
  m_UISuperCollapsed: 0
  m_MasterSlot: {fileID: 8926484042661614913}
  m_MasterData:
    m_Owner: {fileID: 0}
    m_Value:
      m_Type:
        m_SerializableType: 
      m_SerializableObject: 
    m_Space: 2147483647
  m_Property:
    name: x
    m_serializedType:
      m_SerializableType: System.Single, mscorlib, Version=4.0.0.0, Culture=neutral,
        PublicKeyToken=b77a5c561934e089
  m_Direction: 0
  m_LinkedSlots: []
--- !u!114 &8926484042661614916
MonoBehaviour:
  m_ObjectHideFlags: 0
  m_CorrespondingSourceObject: {fileID: 0}
  m_PrefabInstance: {fileID: 0}
  m_PrefabAsset: {fileID: 0}
  m_GameObject: {fileID: 0}
  m_Enabled: 1
  m_EditorHideFlags: 0
  m_Script: {fileID: 11500000, guid: f780aa281814f9842a7c076d436932e7, type: 3}
  m_Name: 
  m_EditorClassIdentifier: 
  m_UIIgnoredErrors: []
  m_Parent: {fileID: 8926484042661614914}
  m_Children: []
  m_UIPosition: {x: 0, y: 0}
  m_UICollapsed: 1
  m_UISuperCollapsed: 0
  m_MasterSlot: {fileID: 8926484042661614913}
  m_MasterData:
    m_Owner: {fileID: 0}
    m_Value:
      m_Type:
        m_SerializableType: 
      m_SerializableObject: 
    m_Space: 2147483647
  m_Property:
    name: y
    m_serializedType:
      m_SerializableType: System.Single, mscorlib, Version=4.0.0.0, Culture=neutral,
        PublicKeyToken=b77a5c561934e089
  m_Direction: 0
  m_LinkedSlots: []
--- !u!114 &8926484042661614917
MonoBehaviour:
  m_ObjectHideFlags: 0
  m_CorrespondingSourceObject: {fileID: 0}
  m_PrefabInstance: {fileID: 0}
  m_PrefabAsset: {fileID: 0}
  m_GameObject: {fileID: 0}
  m_Enabled: 1
  m_EditorHideFlags: 0
  m_Script: {fileID: 11500000, guid: f780aa281814f9842a7c076d436932e7, type: 3}
  m_Name: 
  m_EditorClassIdentifier: 
  m_UIIgnoredErrors: []
  m_Parent: {fileID: 8926484042661614914}
  m_Children: []
  m_UIPosition: {x: 0, y: 0}
  m_UICollapsed: 1
  m_UISuperCollapsed: 0
  m_MasterSlot: {fileID: 8926484042661614913}
  m_MasterData:
    m_Owner: {fileID: 0}
    m_Value:
      m_Type:
        m_SerializableType: 
      m_SerializableObject: 
    m_Space: 2147483647
  m_Property:
    name: z
    m_serializedType:
      m_SerializableType: System.Single, mscorlib, Version=4.0.0.0, Culture=neutral,
        PublicKeyToken=b77a5c561934e089
  m_Direction: 0
  m_LinkedSlots: []
--- !u!114 &8926484042661614918
MonoBehaviour:
  m_ObjectHideFlags: 0
  m_CorrespondingSourceObject: {fileID: 0}
  m_PrefabInstance: {fileID: 0}
  m_PrefabAsset: {fileID: 0}
  m_GameObject: {fileID: 0}
  m_Enabled: 1
  m_EditorHideFlags: 0
  m_Script: {fileID: 11500000, guid: a971fa2e110a0ac42ac1d8dae408704b, type: 3}
  m_Name: 
  m_EditorClassIdentifier: 
  m_UIIgnoredErrors: []
  m_Parent: {fileID: 8926484042661614859}
  m_Children: []
  m_UIPosition: {x: -1231.6245, y: -284.07043}
  m_UICollapsed: 0
  m_UISuperCollapsed: 0
  m_InputSlots:
  - {fileID: 8926484042661614919}
  m_OutputSlots: []
  m_Disabled: 0
  attribute: size
  Composition: 0
  Source: 0
  Random: 0
  channels: 6
--- !u!114 &8926484042661614919
MonoBehaviour:
  m_ObjectHideFlags: 0
  m_CorrespondingSourceObject: {fileID: 0}
  m_PrefabInstance: {fileID: 0}
  m_PrefabAsset: {fileID: 0}
  m_GameObject: {fileID: 0}
  m_Enabled: 1
  m_EditorHideFlags: 0
  m_Script: {fileID: 11500000, guid: f780aa281814f9842a7c076d436932e7, type: 3}
  m_Name: 
  m_EditorClassIdentifier: 
  m_UIIgnoredErrors: []
  m_Parent: {fileID: 0}
  m_Children: []
  m_UIPosition: {x: 0, y: 0}
  m_UICollapsed: 1
  m_UISuperCollapsed: 0
  m_MasterSlot: {fileID: 8926484042661614919}
  m_MasterData:
    m_Owner: {fileID: 8926484042661614918}
    m_Value:
      m_Type:
        m_SerializableType: System.Single, mscorlib, Version=4.0.0.0, Culture=neutral,
          PublicKeyToken=b77a5c561934e089
      m_SerializableObject: 0.28
    m_Space: 2147483647
  m_Property:
    name: Size
    m_serializedType:
      m_SerializableType: System.Single, mscorlib, Version=4.0.0.0, Culture=neutral,
        PublicKeyToken=b77a5c561934e089
  m_Direction: 0
  m_LinkedSlots: []
--- !u!114 &8926484042661614920
MonoBehaviour:
  m_ObjectHideFlags: 0
  m_CorrespondingSourceObject: {fileID: 0}
  m_PrefabInstance: {fileID: 0}
  m_PrefabAsset: {fileID: 0}
  m_GameObject: {fileID: 0}
  m_Enabled: 1
  m_EditorHideFlags: 0
  m_Script: {fileID: 11500000, guid: 2dc095764ededfa4bb32fa602511ea4b, type: 3}
  m_Name: 
  m_EditorClassIdentifier: 
  m_UIIgnoredErrors: []
  m_Parent: {fileID: 114350483966674976}
  m_Children:
  - {fileID: 8926484042661614922}
  m_UIPosition: {x: 1645.3755, y: 386.92957}
  m_UICollapsed: 0
  m_UISuperCollapsed: 0
  m_InputSlots: []
  m_OutputSlots: []
  m_Label: 
  m_Data: {fileID: 8926484042661614869}
  m_InputFlowSlot:
  - link:
    - context: {fileID: 8926484042661614859}
      slotIndex: 0
  m_OutputFlowSlot:
  - link:
    - context: {fileID: 8926484042661614926}
      slotIndex: 0
  integration: 0
  angularIntegration: 0
  ageParticles: 1
  reapParticles: 1
  skipZeroDeltaUpdate: 0
--- !u!114 &8926484042661614922
MonoBehaviour:
  m_ObjectHideFlags: 0
  m_CorrespondingSourceObject: {fileID: 0}
  m_PrefabInstance: {fileID: 0}
  m_PrefabAsset: {fileID: 0}
  m_GameObject: {fileID: 0}
  m_Enabled: 1
  m_EditorHideFlags: 0
  m_Script: {fileID: 11500000, guid: 01ec2c1930009b04ea08905b47262415, type: 3}
  m_Name: 
  m_EditorClassIdentifier: 
  m_UIIgnoredErrors: []
  m_Parent: {fileID: 8926484042661614920}
  m_Children: []
  m_UIPosition: {x: -1231.6245, y: -284.07043}
  m_UICollapsed: 0
  m_UISuperCollapsed: 0
  m_InputSlots:
  - {fileID: 8926484042661614923}
  - {fileID: 8926484042661614924}
  - {fileID: 8926484042661614925}
  m_OutputSlots: []
  m_Disabled: 1
  attribute: position
  Composition: 1
  AlphaComposition: 0
  SampleMode: 0
  Mode: 1
  ColorMode: 3
  channels: 6
--- !u!114 &8926484042661614923
MonoBehaviour:
  m_ObjectHideFlags: 0
  m_CorrespondingSourceObject: {fileID: 0}
  m_PrefabInstance: {fileID: 0}
  m_PrefabAsset: {fileID: 0}
  m_GameObject: {fileID: 0}
  m_Enabled: 1
  m_EditorHideFlags: 0
  m_Script: {fileID: 11500000, guid: c117b74c5c58db542bffe25c78fe92db, type: 3}
  m_Name: 
  m_EditorClassIdentifier: 
  m_UIIgnoredErrors: []
  m_Parent: {fileID: 0}
  m_Children: []
  m_UIPosition: {x: 0, y: 0}
  m_UICollapsed: 1
  m_UISuperCollapsed: 0
  m_MasterSlot: {fileID: 8926484042661614923}
  m_MasterData:
    m_Owner: {fileID: 8926484042661614922}
    m_Value:
      m_Type:
        m_SerializableType: UnityEngine.AnimationCurve, UnityEngine.CoreModule, Version=0.0.0.0,
          Culture=neutral, PublicKeyToken=null
      m_SerializableObject: '{"frames":[{"time":0.0,"value":0.0,"inTangent":0.0,"outTangent":0.0,"tangentMode":0,"leftTangentMode":0,"rightTangentMode":0,"broken":false},{"time":0.532135009765625,"value":0.002349853515625,"inTangent":0.0,"outTangent":0.0,"tangentMode":0,"leftTangentMode":0,"rightTangentMode":0,"broken":false},{"time":1.0,"value":0.0,"inTangent":0.0,"outTangent":0.0,"tangentMode":0,"leftTangentMode":0,"rightTangentMode":0,"broken":false}],"preWrapMode":8,"postWrapMode":8,"version":1}'
    m_Space: 2147483647
  m_Property:
    name: Position_x
    m_serializedType:
      m_SerializableType: UnityEngine.AnimationCurve, UnityEngine.CoreModule, Version=0.0.0.0,
        Culture=neutral, PublicKeyToken=null
  m_Direction: 0
  m_LinkedSlots: []
--- !u!114 &8926484042661614924
MonoBehaviour:
  m_ObjectHideFlags: 0
  m_CorrespondingSourceObject: {fileID: 0}
  m_PrefabInstance: {fileID: 0}
  m_PrefabAsset: {fileID: 0}
  m_GameObject: {fileID: 0}
  m_Enabled: 1
  m_EditorHideFlags: 0
  m_Script: {fileID: 11500000, guid: c117b74c5c58db542bffe25c78fe92db, type: 3}
  m_Name: 
  m_EditorClassIdentifier: 
  m_UIIgnoredErrors: []
  m_Parent: {fileID: 0}
  m_Children: []
  m_UIPosition: {x: 0, y: 0}
  m_UICollapsed: 1
  m_UISuperCollapsed: 0
  m_MasterSlot: {fileID: 8926484042661614924}
  m_MasterData:
    m_Owner: {fileID: 8926484042661614922}
    m_Value:
      m_Type:
        m_SerializableType: UnityEngine.AnimationCurve, UnityEngine.CoreModule, Version=0.0.0.0,
          Culture=neutral, PublicKeyToken=null
      m_SerializableObject: '{"frames":[{"time":0.0,"value":0.0,"inTangent":0.0,"outTangent":0.0,"tangentMode":0,"leftTangentMode":0,"rightTangentMode":0,"broken":false},{"time":0.42241668701171877,"value":-0.009429931640625,"inTangent":0.0,"outTangent":0.0,"tangentMode":0,"leftTangentMode":0,"rightTangentMode":0,"broken":false},{"time":1.0,"value":0.0,"inTangent":0.0,"outTangent":0.0,"tangentMode":0,"leftTangentMode":0,"rightTangentMode":0,"broken":false}],"preWrapMode":8,"postWrapMode":8,"version":1}'
    m_Space: 2147483647
  m_Property:
    name: Position_y
    m_serializedType:
      m_SerializableType: UnityEngine.AnimationCurve, UnityEngine.CoreModule, Version=0.0.0.0,
        Culture=neutral, PublicKeyToken=null
  m_Direction: 0
  m_LinkedSlots: []
--- !u!114 &8926484042661614925
MonoBehaviour:
  m_ObjectHideFlags: 0
  m_CorrespondingSourceObject: {fileID: 0}
  m_PrefabInstance: {fileID: 0}
  m_PrefabAsset: {fileID: 0}
  m_GameObject: {fileID: 0}
  m_Enabled: 1
  m_EditorHideFlags: 0
  m_Script: {fileID: 11500000, guid: c117b74c5c58db542bffe25c78fe92db, type: 3}
  m_Name: 
  m_EditorClassIdentifier: 
  m_UIIgnoredErrors: []
  m_Parent: {fileID: 0}
  m_Children: []
  m_UIPosition: {x: 0, y: 0}
  m_UICollapsed: 1
  m_UISuperCollapsed: 0
  m_MasterSlot: {fileID: 8926484042661614925}
  m_MasterData:
    m_Owner: {fileID: 8926484042661614922}
    m_Value:
      m_Type:
        m_SerializableType: UnityEngine.AnimationCurve, UnityEngine.CoreModule, Version=0.0.0.0,
          Culture=neutral, PublicKeyToken=null
      m_SerializableObject: '{"frames":[{"time":0.0,"value":0.0,"inTangent":0.0,"outTangent":0.0,"tangentMode":0,"leftTangentMode":0,"rightTangentMode":0,"broken":false},{"time":0.4694386124610901,"value":-0.02121777832508087,"inTangent":0.0,"outTangent":0.0,"tangentMode":0,"leftTangentMode":0,"rightTangentMode":0,"broken":false},{"time":1.0,"value":0.0,"inTangent":0.0,"outTangent":0.0,"tangentMode":0,"leftTangentMode":0,"rightTangentMode":0,"broken":false}],"preWrapMode":8,"postWrapMode":8,"version":1}'
    m_Space: 2147483647
  m_Property:
    name: Position_z
    m_serializedType:
      m_SerializableType: UnityEngine.AnimationCurve, UnityEngine.CoreModule, Version=0.0.0.0,
        Culture=neutral, PublicKeyToken=null
  m_Direction: 0
  m_LinkedSlots: []
--- !u!114 &8926484042661614926
MonoBehaviour:
  m_ObjectHideFlags: 0
  m_CorrespondingSourceObject: {fileID: 0}
  m_PrefabInstance: {fileID: 0}
  m_PrefabAsset: {fileID: 0}
  m_GameObject: {fileID: 0}
  m_Enabled: 1
  m_EditorHideFlags: 0
  m_Script: {fileID: 11500000, guid: a0b9e6b9139e58d4c957ec54595da7d3, type: 3}
  m_Name: 
  m_EditorClassIdentifier: 
  m_UIIgnoredErrors: []
  m_Parent: {fileID: 114350483966674976}
  m_Children:
  - {fileID: 8926484042661614929}
  - {fileID: 8926484042661614930}
  - {fileID: 8926484042661614935}
  - {fileID: 8926484042661614937}
  m_UIPosition: {x: 1645.3755, y: 642.92957}
  m_UICollapsed: 0
  m_UISuperCollapsed: 0
  m_InputSlots:
  - {fileID: 8926484042661614927}
  m_OutputSlots: []
  m_Label: 
  m_Data: {fileID: 8926484042661614869}
  m_InputFlowSlot:
  - link:
    - context: {fileID: 8926484042661614920}
      slotIndex: 0
  m_OutputFlowSlot:
  - link: []
  blendMode: 1
  useAlphaClipping: 0
  generateMotionVector: 0
  excludeFromTAA: 0
  m_SubOutputs: []
  cullMode: 0
  zWriteMode: 0
  zTestMode: 0
  colorMapping: 0
  uvMode: 0
  useSoftParticle: 0
  sortPriority: 0
  sort: 0
  indirectDraw: 0
  computeCulling: 0
  frustumCulling: 0
  castShadows: 0
  useExposureWeight: 0
  shaderGraph: {fileID: 0}
  primitiveType: 1
  useGeometryShader: 0
--- !u!114 &8926484042661614927
MonoBehaviour:
  m_ObjectHideFlags: 0
  m_CorrespondingSourceObject: {fileID: 0}
  m_PrefabInstance: {fileID: 0}
  m_PrefabAsset: {fileID: 0}
  m_GameObject: {fileID: 0}
  m_Enabled: 1
  m_EditorHideFlags: 0
  m_Script: {fileID: 11500000, guid: 70a331b1d86cc8d4aa106ccbe0da5852, type: 3}
  m_Name: 
  m_EditorClassIdentifier: 
  m_UIIgnoredErrors: []
  m_Parent: {fileID: 0}
  m_Children: []
  m_UIPosition: {x: 0, y: 0}
  m_UICollapsed: 1
  m_UISuperCollapsed: 0
  m_MasterSlot: {fileID: 8926484042661614927}
  m_MasterData:
    m_Owner: {fileID: 8926484042661614926}
    m_Value:
      m_Type:
        m_SerializableType: UnityEngine.Texture2D, UnityEngine.CoreModule, Version=0.0.0.0,
          Culture=neutral, PublicKeyToken=null
      m_SerializableObject: '{"obj":{"fileID":10300,"guid":"0000000000000000f000000000000000","type":0}}'
    m_Space: 2147483647
  m_Property:
    name: mainTexture
    m_serializedType:
      m_SerializableType: UnityEngine.Texture2D, UnityEngine.CoreModule, Version=0.0.0.0,
        Culture=neutral, PublicKeyToken=null
  m_Direction: 0
  m_LinkedSlots: []
--- !u!114 &8926484042661614929
MonoBehaviour:
  m_ObjectHideFlags: 0
  m_CorrespondingSourceObject: {fileID: 0}
  m_PrefabInstance: {fileID: 0}
  m_PrefabAsset: {fileID: 0}
  m_GameObject: {fileID: 0}
  m_Enabled: 1
  m_EditorHideFlags: 0
  m_Script: {fileID: 11500000, guid: d16c6aeaef944094b9a1633041804207, type: 3}
  m_Name: 
  m_EditorClassIdentifier: 
  m_UIIgnoredErrors: []
  m_Parent: {fileID: 8926484042661614926}
  m_Children: []
  m_UIPosition: {x: 939.6975, y: -709.7769}
  m_UICollapsed: 0
  m_UISuperCollapsed: 0
  m_InputSlots:
  - {fileID: 8926484042661614964}
  m_OutputSlots: []
  m_Disabled: 0
  mode: 5
  axes: 0
--- !u!114 &8926484042661614930
MonoBehaviour:
  m_ObjectHideFlags: 0
  m_CorrespondingSourceObject: {fileID: 0}
  m_PrefabInstance: {fileID: 0}
  m_PrefabAsset: {fileID: 0}
  m_GameObject: {fileID: 0}
  m_Enabled: 1
  m_EditorHideFlags: 0
  m_Script: {fileID: 11500000, guid: a971fa2e110a0ac42ac1d8dae408704b, type: 3}
  m_Name: 
  m_EditorClassIdentifier: 
  m_UIIgnoredErrors: []
  m_Parent: {fileID: 8926484042661614926}
  m_Children: []
  m_UIPosition: {x: 1040.5166, y: -35.053528}
  m_UICollapsed: 0
  m_UISuperCollapsed: 0
  m_InputSlots:
  - {fileID: 8926484042661614931}
  m_OutputSlots: []
  m_Disabled: 0
  attribute: scale
  Composition: 0
  Source: 0
  Random: 0
  channels: 6
--- !u!114 &8926484042661614931
MonoBehaviour:
  m_ObjectHideFlags: 0
  m_CorrespondingSourceObject: {fileID: 0}
  m_PrefabInstance: {fileID: 0}
  m_PrefabAsset: {fileID: 0}
  m_GameObject: {fileID: 0}
  m_Enabled: 1
  m_EditorHideFlags: 0
  m_Script: {fileID: 11500000, guid: ac39bd03fca81b849929b9c966f1836a, type: 3}
  m_Name: 
  m_EditorClassIdentifier: 
  m_UIIgnoredErrors: []
  m_Parent: {fileID: 0}
  m_Children:
  - {fileID: 8926484042661614932}
  - {fileID: 8926484042661614933}
  - {fileID: 8926484042661614934}
  m_UIPosition: {x: 0, y: 0}
  m_UICollapsed: 1
  m_UISuperCollapsed: 0
  m_MasterSlot: {fileID: 8926484042661614931}
  m_MasterData:
    m_Owner: {fileID: 8926484042661614930}
    m_Value:
      m_Type:
        m_SerializableType: UnityEngine.Vector3, UnityEngine.CoreModule, Version=0.0.0.0,
          Culture=neutral, PublicKeyToken=null
      m_SerializableObject: '{"x":1.6200000047683716,"y":0.10999999940395355,"z":0.12999999523162843}'
    m_Space: 2147483647
  m_Property:
    name: Scale
    m_serializedType:
      m_SerializableType: UnityEngine.Vector3, UnityEngine.CoreModule, Version=0.0.0.0,
        Culture=neutral, PublicKeyToken=null
  m_Direction: 0
  m_LinkedSlots: []
--- !u!114 &8926484042661614932
MonoBehaviour:
  m_ObjectHideFlags: 0
  m_CorrespondingSourceObject: {fileID: 0}
  m_PrefabInstance: {fileID: 0}
  m_PrefabAsset: {fileID: 0}
  m_GameObject: {fileID: 0}
  m_Enabled: 1
  m_EditorHideFlags: 0
  m_Script: {fileID: 11500000, guid: f780aa281814f9842a7c076d436932e7, type: 3}
  m_Name: 
  m_EditorClassIdentifier: 
  m_UIIgnoredErrors: []
  m_Parent: {fileID: 8926484042661614931}
  m_Children: []
  m_UIPosition: {x: 0, y: 0}
  m_UICollapsed: 1
  m_UISuperCollapsed: 0
  m_MasterSlot: {fileID: 8926484042661614931}
  m_MasterData:
    m_Owner: {fileID: 0}
    m_Value:
      m_Type:
        m_SerializableType: 
      m_SerializableObject: 
    m_Space: 2147483647
  m_Property:
    name: x
    m_serializedType:
      m_SerializableType: System.Single, mscorlib, Version=4.0.0.0, Culture=neutral,
        PublicKeyToken=b77a5c561934e089
  m_Direction: 0
  m_LinkedSlots: []
--- !u!114 &8926484042661614933
MonoBehaviour:
  m_ObjectHideFlags: 0
  m_CorrespondingSourceObject: {fileID: 0}
  m_PrefabInstance: {fileID: 0}
  m_PrefabAsset: {fileID: 0}
  m_GameObject: {fileID: 0}
  m_Enabled: 1
  m_EditorHideFlags: 0
  m_Script: {fileID: 11500000, guid: f780aa281814f9842a7c076d436932e7, type: 3}
  m_Name: 
  m_EditorClassIdentifier: 
  m_UIIgnoredErrors: []
  m_Parent: {fileID: 8926484042661614931}
  m_Children: []
  m_UIPosition: {x: 0, y: 0}
  m_UICollapsed: 1
  m_UISuperCollapsed: 0
  m_MasterSlot: {fileID: 8926484042661614931}
  m_MasterData:
    m_Owner: {fileID: 0}
    m_Value:
      m_Type:
        m_SerializableType: 
      m_SerializableObject: 
    m_Space: 2147483647
  m_Property:
    name: y
    m_serializedType:
      m_SerializableType: System.Single, mscorlib, Version=4.0.0.0, Culture=neutral,
        PublicKeyToken=b77a5c561934e089
  m_Direction: 0
  m_LinkedSlots: []
--- !u!114 &8926484042661614934
MonoBehaviour:
  m_ObjectHideFlags: 0
  m_CorrespondingSourceObject: {fileID: 0}
  m_PrefabInstance: {fileID: 0}
  m_PrefabAsset: {fileID: 0}
  m_GameObject: {fileID: 0}
  m_Enabled: 1
  m_EditorHideFlags: 0
  m_Script: {fileID: 11500000, guid: f780aa281814f9842a7c076d436932e7, type: 3}
  m_Name: 
  m_EditorClassIdentifier: 
  m_UIIgnoredErrors: []
  m_Parent: {fileID: 8926484042661614931}
  m_Children: []
  m_UIPosition: {x: 0, y: 0}
  m_UICollapsed: 1
  m_UISuperCollapsed: 0
  m_MasterSlot: {fileID: 8926484042661614931}
  m_MasterData:
    m_Owner: {fileID: 0}
    m_Value:
      m_Type:
        m_SerializableType: 
      m_SerializableObject: 
    m_Space: 2147483647
  m_Property:
    name: z
    m_serializedType:
      m_SerializableType: System.Single, mscorlib, Version=4.0.0.0, Culture=neutral,
        PublicKeyToken=b77a5c561934e089
  m_Direction: 0
  m_LinkedSlots: []
--- !u!114 &8926484042661614935
MonoBehaviour:
  m_ObjectHideFlags: 0
  m_CorrespondingSourceObject: {fileID: 0}
  m_PrefabInstance: {fileID: 0}
  m_PrefabAsset: {fileID: 0}
  m_GameObject: {fileID: 0}
  m_Enabled: 1
  m_EditorHideFlags: 0
  m_Script: {fileID: 11500000, guid: 01ec2c1930009b04ea08905b47262415, type: 3}
  m_Name: 
  m_EditorClassIdentifier: 
  m_UIIgnoredErrors: []
  m_Parent: {fileID: 8926484042661614926}
  m_Children: []
  m_UIPosition: {x: 1040.5166, y: -182.05353}
  m_UICollapsed: 0
  m_UISuperCollapsed: 0
  m_InputSlots:
  - {fileID: 8926484042661614936}
  m_OutputSlots: []
  m_Disabled: 0
  attribute: scale
  Composition: 0
  AlphaComposition: 0
  SampleMode: 0
  Mode: 0
  ColorMode: 3
  channels: 1
--- !u!114 &8926484042661614936
MonoBehaviour:
  m_ObjectHideFlags: 0
  m_CorrespondingSourceObject: {fileID: 0}
  m_PrefabInstance: {fileID: 0}
  m_PrefabAsset: {fileID: 0}
  m_GameObject: {fileID: 0}
  m_Enabled: 1
  m_EditorHideFlags: 0
  m_Script: {fileID: 11500000, guid: c117b74c5c58db542bffe25c78fe92db, type: 3}
  m_Name: 
  m_EditorClassIdentifier: 
  m_UIIgnoredErrors: []
  m_Parent: {fileID: 0}
  m_Children: []
  m_UIPosition: {x: 0, y: 0}
  m_UICollapsed: 1
  m_UISuperCollapsed: 0
  m_MasterSlot: {fileID: 8926484042661614936}
  m_MasterData:
    m_Owner: {fileID: 8926484042661614935}
    m_Value:
      m_Type:
        m_SerializableType: UnityEngine.AnimationCurve, UnityEngine.CoreModule, Version=0.0.0.0,
          Culture=neutral, PublicKeyToken=null
      m_SerializableObject: '{"frames":[{"time":0.0207038726657629,"value":1.720660924911499,"inTangent":6.058347225189209,"outTangent":6.058347225189209,"tangentMode":0,"leftTangentMode":1,"rightTangentMode":1,"broken":false},{"time":0.9040547609329224,"value":7.072307109832764,"inTangent":6.058347225189209,"outTangent":6.058347225189209,"tangentMode":0,"leftTangentMode":1,"rightTangentMode":1,"broken":false}],"preWrapMode":8,"postWrapMode":8,"version":1}'
    m_Space: 2147483647
  m_Property:
    name: Scale
    m_serializedType:
      m_SerializableType: UnityEngine.AnimationCurve, UnityEngine.CoreModule, Version=0.0.0.0,
        Culture=neutral, PublicKeyToken=null
  m_Direction: 0
  m_LinkedSlots: []
--- !u!114 &8926484042661614937
MonoBehaviour:
  m_ObjectHideFlags: 0
  m_CorrespondingSourceObject: {fileID: 0}
  m_PrefabInstance: {fileID: 0}
  m_PrefabAsset: {fileID: 0}
  m_GameObject: {fileID: 0}
  m_Enabled: 1
  m_EditorHideFlags: 0
  m_Script: {fileID: 11500000, guid: 01ec2c1930009b04ea08905b47262415, type: 3}
  m_Name: 
  m_EditorClassIdentifier: 
  m_UIIgnoredErrors: []
  m_Parent: {fileID: 8926484042661614926}
  m_Children: []
  m_UIPosition: {x: 1040.5166, y: -182.05353}
  m_UICollapsed: 0
  m_UISuperCollapsed: 0
  m_InputSlots:
  - {fileID: 8926484042661614938}
  m_OutputSlots: []
  m_Disabled: 0
  attribute: color
  Composition: 0
  AlphaComposition: 0
  SampleMode: 0
  Mode: 1
  ColorMode: 3
  channels: 6
--- !u!114 &8926484042661614938
MonoBehaviour:
  m_ObjectHideFlags: 0
  m_CorrespondingSourceObject: {fileID: 0}
  m_PrefabInstance: {fileID: 0}
  m_PrefabAsset: {fileID: 0}
  m_GameObject: {fileID: 0}
  m_Enabled: 1
  m_EditorHideFlags: 0
  m_Script: {fileID: 11500000, guid: 76f778ff57c4e8145b9681fe3268d8e9, type: 3}
  m_Name: 
  m_EditorClassIdentifier: 
  m_UIIgnoredErrors: []
  m_Parent: {fileID: 0}
  m_Children: []
  m_UIPosition: {x: 0, y: 0}
  m_UICollapsed: 1
  m_UISuperCollapsed: 0
  m_MasterSlot: {fileID: 8926484042661614938}
  m_MasterData:
    m_Owner: {fileID: 8926484042661614937}
    m_Value:
      m_Type:
        m_SerializableType: UnityEngine.Gradient, UnityEngine.CoreModule, Version=0.0.0.0,
          Culture=neutral, PublicKeyToken=null
      m_SerializableObject: '{"colorKeys":[{"color":{"r":0.617986261844635,"g":0.9269793629646301,"b":7.37721061706543,"a":1.0},"time":0.06176852062344551},{"color":{"r":0.0,"g":3.026183843612671,"b":12.84446907043457,"a":1.0},"time":0.2882429361343384},{"color":{"r":0.3206275701522827,"g":0.0,"b":3.051710605621338,"a":1.0},"time":0.6235294342041016},{"color":{"r":0.3119799494743347,"g":0.0,"b":0.0013795068953186274,"a":1.0},"time":1.0}],"alphaKeys":[{"alpha":0.3450980484485626,"time":0.0},{"alpha":1.0,"time":0.7705958485603333},{"alpha":0.27450981736183169,"time":0.9882352948188782}],"gradientMode":0}'
    m_Space: 2147483647
  m_Property:
    name: Color
    m_serializedType:
      m_SerializableType: UnityEngine.Gradient, UnityEngine.CoreModule, Version=0.0.0.0,
        Culture=neutral, PublicKeyToken=null
  m_Direction: 0
  m_LinkedSlots: []
--- !u!114 &8926484042661614939
MonoBehaviour:
  m_ObjectHideFlags: 0
  m_CorrespondingSourceObject: {fileID: 0}
  m_PrefabInstance: {fileID: 0}
  m_PrefabAsset: {fileID: 0}
  m_GameObject: {fileID: 0}
  m_Enabled: 1
  m_EditorHideFlags: 0
  m_Script: {fileID: 11500000, guid: e24f5c333a68a5241bf815a7478274fe, type: 3}
  m_Name: 
  m_EditorClassIdentifier: 
  m_UIIgnoredErrors: []
  m_Parent: {fileID: 114350483966674976}
  m_Children: []
  m_UIPosition: {x: 1307, y: -61}
  m_UICollapsed: 0
  m_UISuperCollapsed: 0
  m_InputSlots: []
  m_OutputSlots:
  - {fileID: 8926484042661614940}
  - {fileID: 8926484042661614941}
  - {fileID: 8926484042661614942}
  Asset: {fileID: -3256353808211938606, guid: 6b12c5e3b09ba894fa1c545b1ea8d624, type: 3}
--- !u!114 &8926484042661614940
MonoBehaviour:
  m_ObjectHideFlags: 0
  m_CorrespondingSourceObject: {fileID: 0}
  m_PrefabInstance: {fileID: 0}
  m_PrefabAsset: {fileID: 0}
  m_GameObject: {fileID: 0}
  m_Enabled: 1
  m_EditorHideFlags: 0
  m_Script: {fileID: 11500000, guid: c52d920e7fff73b498050a6b3c4404ca, type: 3}
  m_Name: 
  m_EditorClassIdentifier: 
  m_UIIgnoredErrors: []
  m_Parent: {fileID: 0}
  m_Children: []
  m_UIPosition: {x: 0, y: 0}
  m_UICollapsed: 1
  m_UISuperCollapsed: 0
  m_MasterSlot: {fileID: 8926484042661614940}
  m_MasterData:
    m_Owner: {fileID: 8926484042661614939}
    m_Value:
      m_Type:
        m_SerializableType: System.UInt32, mscorlib, Version=4.0.0.0, Culture=neutral,
          PublicKeyToken=b77a5c561934e089
      m_SerializableObject: 
    m_Space: 2147483647
  m_Property:
    name: Point Count
    m_serializedType:
      m_SerializableType: System.UInt32, mscorlib, Version=4.0.0.0, Culture=neutral,
        PublicKeyToken=b77a5c561934e089
  m_Direction: 1
  m_LinkedSlots: []
--- !u!114 &8926484042661614941
MonoBehaviour:
  m_ObjectHideFlags: 0
  m_CorrespondingSourceObject: {fileID: 0}
  m_PrefabInstance: {fileID: 0}
  m_PrefabAsset: {fileID: 0}
  m_GameObject: {fileID: 0}
  m_Enabled: 1
  m_EditorHideFlags: 0
  m_Script: {fileID: 11500000, guid: 70a331b1d86cc8d4aa106ccbe0da5852, type: 3}
  m_Name: 
  m_EditorClassIdentifier: 
  m_UIIgnoredErrors: []
  m_Parent: {fileID: 0}
  m_Children: []
  m_UIPosition: {x: 0, y: 0}
  m_UICollapsed: 1
  m_UISuperCollapsed: 0
  m_MasterSlot: {fileID: 8926484042661614941}
  m_MasterData:
    m_Owner: {fileID: 8926484042661614939}
    m_Value:
      m_Type:
        m_SerializableType: UnityEngine.Texture2D, UnityEngine.CoreModule, Version=0.0.0.0,
          Culture=neutral, PublicKeyToken=null
      m_SerializableObject: 
    m_Space: 2147483647
  m_Property:
    name: 'AttributeMap : position'
    m_serializedType:
      m_SerializableType: UnityEngine.Texture2D, UnityEngine.CoreModule, Version=0.0.0.0,
        Culture=neutral, PublicKeyToken=null
  m_Direction: 1
  m_LinkedSlots:
  - {fileID: 8926484042661614880}
--- !u!114 &8926484042661614942
MonoBehaviour:
  m_ObjectHideFlags: 0
  m_CorrespondingSourceObject: {fileID: 0}
  m_PrefabInstance: {fileID: 0}
  m_PrefabAsset: {fileID: 0}
  m_GameObject: {fileID: 0}
  m_Enabled: 1
  m_EditorHideFlags: 0
  m_Script: {fileID: 11500000, guid: 70a331b1d86cc8d4aa106ccbe0da5852, type: 3}
  m_Name: 
  m_EditorClassIdentifier: 
  m_UIIgnoredErrors: []
  m_Parent: {fileID: 0}
  m_Children: []
  m_UIPosition: {x: 0, y: 0}
  m_UICollapsed: 1
  m_UISuperCollapsed: 0
  m_MasterSlot: {fileID: 8926484042661614942}
  m_MasterData:
    m_Owner: {fileID: 8926484042661614939}
    m_Value:
      m_Type:
        m_SerializableType: UnityEngine.Texture2D, UnityEngine.CoreModule, Version=0.0.0.0,
          Culture=neutral, PublicKeyToken=null
      m_SerializableObject: 
    m_Space: 2147483647
  m_Property:
    name: 'AttributeMap : normal'
    m_serializedType:
      m_SerializableType: UnityEngine.Texture2D, UnityEngine.CoreModule, Version=0.0.0.0,
        Culture=neutral, PublicKeyToken=null
  m_Direction: 1
  m_LinkedSlots:
  - {fileID: 8926484042661614894}
--- !u!114 &8926484042661614964
MonoBehaviour:
  m_ObjectHideFlags: 0
  m_CorrespondingSourceObject: {fileID: 0}
  m_PrefabInstance: {fileID: 0}
  m_PrefabAsset: {fileID: 0}
  m_GameObject: {fileID: 0}
  m_Enabled: 1
  m_EditorHideFlags: 0
  m_Script: {fileID: 11500000, guid: e8f2b4a846fd4c14a893cde576ad172b, type: 3}
  m_Name: 
  m_EditorClassIdentifier: 
  m_UIIgnoredErrors: []
  m_Parent: {fileID: 0}
  m_Children:
  - {fileID: 8926484042661614965}
  m_UIPosition: {x: 0, y: 0}
  m_UICollapsed: 1
  m_UISuperCollapsed: 0
  m_MasterSlot: {fileID: 8926484042661614964}
  m_MasterData:
    m_Owner: {fileID: 8926484042661614929}
    m_Value:
      m_Type:
        m_SerializableType: UnityEditor.VFX.DirectionType, Unity.VisualEffectGraph.Editor,
          Version=0.0.0.0, Culture=neutral, PublicKeyToken=null
      m_SerializableObject: '{"direction":{"x":0.0,"y":0.0,"z":1.0}}'
    m_Space: 0
  m_Property:
    name: Up
    m_serializedType:
      m_SerializableType: UnityEditor.VFX.DirectionType, Unity.VisualEffectGraph.Editor,
        Version=0.0.0.0, Culture=neutral, PublicKeyToken=null
  m_Direction: 0
  m_LinkedSlots: []
--- !u!114 &8926484042661614965
MonoBehaviour:
  m_ObjectHideFlags: 0
  m_CorrespondingSourceObject: {fileID: 0}
  m_PrefabInstance: {fileID: 0}
  m_PrefabAsset: {fileID: 0}
  m_GameObject: {fileID: 0}
  m_Enabled: 1
  m_EditorHideFlags: 0
  m_Script: {fileID: 11500000, guid: ac39bd03fca81b849929b9c966f1836a, type: 3}
  m_Name: 
  m_EditorClassIdentifier: 
  m_UIIgnoredErrors: []
  m_Parent: {fileID: 8926484042661614964}
  m_Children:
  - {fileID: 8926484042661614966}
  - {fileID: 8926484042661614967}
  - {fileID: 8926484042661614968}
  m_UIPosition: {x: 0, y: 0}
  m_UICollapsed: 1
  m_UISuperCollapsed: 0
  m_MasterSlot: {fileID: 8926484042661614964}
  m_MasterData:
    m_Owner: {fileID: 0}
    m_Value:
      m_Type:
        m_SerializableType: 
      m_SerializableObject: 
    m_Space: 2147483647
  m_Property:
    name: direction
    m_serializedType:
      m_SerializableType: UnityEngine.Vector3, UnityEngine.CoreModule, Version=0.0.0.0,
        Culture=neutral, PublicKeyToken=null
  m_Direction: 0
  m_LinkedSlots: []
--- !u!114 &8926484042661614966
MonoBehaviour:
  m_ObjectHideFlags: 0
  m_CorrespondingSourceObject: {fileID: 0}
  m_PrefabInstance: {fileID: 0}
  m_PrefabAsset: {fileID: 0}
  m_GameObject: {fileID: 0}
  m_Enabled: 1
  m_EditorHideFlags: 0
  m_Script: {fileID: 11500000, guid: f780aa281814f9842a7c076d436932e7, type: 3}
  m_Name: 
  m_EditorClassIdentifier: 
  m_UIIgnoredErrors: []
  m_Parent: {fileID: 8926484042661614965}
  m_Children: []
  m_UIPosition: {x: 0, y: 0}
  m_UICollapsed: 1
  m_UISuperCollapsed: 0
  m_MasterSlot: {fileID: 8926484042661614964}
  m_MasterData:
    m_Owner: {fileID: 0}
    m_Value:
      m_Type:
        m_SerializableType: 
      m_SerializableObject: 
    m_Space: 2147483647
  m_Property:
    name: x
    m_serializedType:
      m_SerializableType: System.Single, mscorlib, Version=4.0.0.0, Culture=neutral,
        PublicKeyToken=b77a5c561934e089
  m_Direction: 0
  m_LinkedSlots: []
--- !u!114 &8926484042661614967
MonoBehaviour:
  m_ObjectHideFlags: 0
  m_CorrespondingSourceObject: {fileID: 0}
  m_PrefabInstance: {fileID: 0}
  m_PrefabAsset: {fileID: 0}
  m_GameObject: {fileID: 0}
  m_Enabled: 1
  m_EditorHideFlags: 0
  m_Script: {fileID: 11500000, guid: f780aa281814f9842a7c076d436932e7, type: 3}
  m_Name: 
  m_EditorClassIdentifier: 
  m_UIIgnoredErrors: []
  m_Parent: {fileID: 8926484042661614965}
  m_Children: []
  m_UIPosition: {x: 0, y: 0}
  m_UICollapsed: 1
  m_UISuperCollapsed: 0
  m_MasterSlot: {fileID: 8926484042661614964}
  m_MasterData:
    m_Owner: {fileID: 0}
    m_Value:
      m_Type:
        m_SerializableType: 
      m_SerializableObject: 
    m_Space: 2147483647
  m_Property:
    name: y
    m_serializedType:
      m_SerializableType: System.Single, mscorlib, Version=4.0.0.0, Culture=neutral,
        PublicKeyToken=b77a5c561934e089
  m_Direction: 0
  m_LinkedSlots: []
--- !u!114 &8926484042661614968
MonoBehaviour:
  m_ObjectHideFlags: 0
  m_CorrespondingSourceObject: {fileID: 0}
  m_PrefabInstance: {fileID: 0}
  m_PrefabAsset: {fileID: 0}
  m_GameObject: {fileID: 0}
  m_Enabled: 1
  m_EditorHideFlags: 0
  m_Script: {fileID: 11500000, guid: f780aa281814f9842a7c076d436932e7, type: 3}
  m_Name: 
  m_EditorClassIdentifier: 
  m_UIIgnoredErrors: []
  m_Parent: {fileID: 8926484042661614965}
  m_Children: []
  m_UIPosition: {x: 0, y: 0}
  m_UICollapsed: 1
  m_UISuperCollapsed: 0
  m_MasterSlot: {fileID: 8926484042661614964}
  m_MasterData:
    m_Owner: {fileID: 0}
    m_Value:
      m_Type:
        m_SerializableType: 
      m_SerializableObject: 
    m_Space: 2147483647
  m_Property:
    name: z
    m_serializedType:
      m_SerializableType: System.Single, mscorlib, Version=4.0.0.0, Culture=neutral,
        PublicKeyToken=b77a5c561934e089
  m_Direction: 0
  m_LinkedSlots: []
